3614 5636
752 777 996 842 -117-

380 998 508 1065 fabule.
536 998 669 1066 Dixeris
688 999 832 1065 fortasse
855 1017 862 1063 :
889 998 1028 1067 levitate
1046 1000 1177 1067 librarii
1202 1001 1358 1068 didasca-

380 1197 442 1264 lias
461 1196 631 1264 Bembino
651 1196 868 1264 inscribentis
889 1197 988 1264 facile
1014 1199 1127 1285 potuit
1153 1200 1291 1268 evenire
1315 1211 1356 1273 ut

379 1397 543 1465 scriberet
555 1395 695 1464 solitum
711 1417 728 1458 «
742 1395 937 1462 Menandru
953 1417 969 1458 a
984 1416 1046 1484 pro
1061 1419 1077 1459 u
1093 1396 1351 1486 Apollodorus,

376 1596 498 1666 eodem
519 1596 622 1663 modo
646 1615 715 1682 quo
739 1597 775 1662 in
800 1594 947 1682 Adelph.
970 1595 1190 1664 didascaliem
1208 1598 1353 1667 inseruit

376 1798 579 1864 Ambivium
608 1797 747 1864 solitum
777 1816 839 1883 pro
855 1794 1018 1863 Minutio
1047 1794 1251 1883 Prothymo.
1279 1795 1350 1864 Sed

372 2005 488 2066 tamen
500 2005 638 2086 reputes
654 2018 660 2064 :
676 2000 858 2087 scripserat
867 1997 1026 2066 librarius
1036 1998 1088 2065 bis
1100 2004 1237 2069 tautum
1246 2021 1263 2061 u
1273 1999 1349 2066 Me-

370 2203 505 2270 nandru
527 2225 543 2264 »
566 2202 616 2287 (in
636 2203 732 2269 Eun.
753 2207 790 2268 et
813 2202 1014 2268 Heautont.
1040 2200 1127 2284 did.)
1152 2220 1266 2287 neque
1291 2221 1346 2268 so-

370 2402 469 2470 litum
489 2401 596 2489 igitur
614 2402 647 2468 ei
665 2401 736 2488 jam
761 2420 855 2468 nune
877 2408 952 2468 erat
964 2418 974 2484 ;
1002 2409 1079 2468 tum
1102 2421 1185 2469 vero
1209 2402 1245 2468 in
1270 2402 1344 2489 ipsa

370 2602 588 2670 Phormionis
621 2601 823 2684 didascalia,
857 2602 1015 2690 proxima
1045 2607 1125 2670 ante
1160 2601 1338 2692 Hecyrae,

290 2767 293 2774 *
366 2803 579 2890 scripserat«
601 2801 814 2890 Apollodoru
834 2825 851 2863 a
872 2807 908 2869 et
923 2801 989 2869 hoc
1009 2821 1092 2890 ergo
1110 2802 1257 2870 verbum
1276 2823 1339 2890 po-

363 3004 432 3071 tius
448 3003 622 3071 debuisset
645 3003 681 3070 in
704 3009 857 3070 mentem
876 3004 994 3071 venire
1018 3002 1062 3070 ad
1082 3001 1267 3091 Hecyram.
1295 3042 1336 3051 —

364 3203 489 3271 Donati
501 3209 657 3288 ternpore
675 3202 761 3269 haec
775 3201 959 3270 Menandri
969 3202 1086 3269 fabula
1101 3201 1172 3290 jam
1184 3222 1336 3270 evanue-

361 3409 425 3486 rat,
449 3403 623 3472 habebant
641 3409 757 3471 mrtem
775 3403 932 3470 homines
955 3401 1167 3470 comoediam
1192 3400 1334 3489 Apollo-

360 3605 447 3688 dori,
467 3606 504 3671 in
521 3625 591 3692 qua
609 3604 878 3672 inveniebantur
892 3604 959 3670 loci
975 3603 1025 3669 illi
1041 3602 1206 3690 paralleii,
1221 3621 1334 3689 eoque

360 3805 459 3872 facile
483 3805 623 3874 adducti
643 3812 727 3873 sunt
749 3812 789 3873 ut
815 3825 890 3873 eam
917 3806 1117 3872 Terentium
1141 3805 1177 3871 iu
1197 3805 1336 3893 Hecyra

359 4011 569 4077 convertisse
585 4009 832 4078 existimarent.
850 4009 1005 4076 Donatus
1019 4013 1147 4090 antem,
1171 4027 1213 4073 ex
1231 4027 1333 4073 accu-

358 4209 484 4276 ratiore
516 4209 769 4297 comparatione
802 4230 1012 4298 cognoscens
1048 4231 1153 4296 quam
1184 4211 1333 4297 impares

359 4406 428 4474 siut
442 4409 578 4500 praeter
595 4405 779 4474 nonnullos
795 4405 870 4480 illos
888 4405 980 4482 locos
994 4404 1143 4486 fabulae,
1160 4404 1331 4481 dubitanti
