3614 5636
753 824 794 837 ..
840 789 884 857 93
930 827 971 838 ..

378 1010 517 1100 gloriari
541 1011 771 1099 delectarique
799 1013 947 1082 debebat
977 1033 1082 1100 quam
1108 1015 1289 1083 exercebat
1310 1017 1347 1082 in

378 1213 587 1284 callidiorem
605 1215 785 1284 dominum
798 1215 909 1301 qualis
921 1215 959 1281 in
978 1214 1112 1282 Andria
1125 1237 1146 1284 a
1162 1236 1265 1284 versu
1283 1217 1348 1284 211

378 1437 488 1528 usque
515 1417 558 1484 ad
582 1417 649 1486 215
674 1415 856 1486 indicatur.
883 1418 1027 1488 Latinus
1053 1439 1136 1488 vero
1162 1418 1279 1488 Davus
1307 1440 1351 1488 ex

377 1619 509 1688 insidiis
526 1621 620 1710 ipsis
644 1642 742 1710 quas
763 1623 915 1711 prosola
937 1645 974 1692 re
998 1624 1222 1695 adolesoentis
1245 1625 1351 1695 Pam-

380 1817 476 1905 phili,
503 1819 540 1886 in
562 1819 686 1888 herum
707 1842 810 1890 suum
827 1841 1032 1911 componere
1051 1825 1184 1912 nititur,
1204 1849 1268 1897 nee
1293 1850 1352 1898 su-

379 2025 534 2112 perbiam
552 2045 617 2094 neo
631 2026 795 2096 laetitiam
808 2029 910 2117 oapit.
933 2027 1116 2100 Praeterea
1126 2052 1217 2100 unus
1232 2033 1353 2121 impie-

380 2232 488 2296 tatem
504 2229 718 2317 praeferebat
738 2249 745 2297 :

555 2463 668 2533 «φεύγοι
672 2501 727 2518 .....
744 2458 787 2515 οὐκ
802 2458 830 2515 tv
846 2455 1005 2534 ἀπ’ὂλύμπου
1020 2461 1086 2526 Θεός
1104 2462 1152 2536 (l.)
1166 2485 1181 2515 a

427 2674 584 2753 Quorum
611 2678 814 2762 verborum,
844 2680 943 2767 juxta
980 2677 1207 2750 Scholiastam
1246 2703 1262 2743 ι(
1303 2687 1355 2750 est

383 2900 515 2965 sensus,
532 2887 605 2950 tam
623 2882 761 2951 difficile
780 2889 832 2952 est
849 2884 931 2953 hino
951 2886 1109 2970 evadere,
1134 2893 1174 2955 ut
1191 2888 1251 2975 qui
1274 2887 1356 2954 hino

383 3081 541 3166 evaserit,
551 3082 919 3151 videaturimmortalis
929 3084 1107 3152 iuturus»
1115 3083 1231 3161 Quum
1239 3091 1356 3154 autem

383 3303 498 3367 nemo,
520 3284 586 3351 nisi
599 3305 747 3372 magnus
761 3291 934 3354 veterator
946 3287 1027 3354 inde
1039 3299 1216 3376 emergere
1227 3294 1353 3375 posset,

383 3484 448 3552 hoo
459 3485 602 3572 perinde
616 3484 709 3552 valet
720 3505 760 3552 ao
772 3485 801 3553 si
817 3486 946 3554 diceret
958 3506 1006 3570 se,
1023 3485 1159 3554 artificii
1173 3487 1226 3554 sui
1239 3506 1352 3568 eausa,

382 3686 519 3753 divinae
541 3685 814 3761 immortalitatis
844 3685 918 3754 iore
942 3687 1155 3776 participem.
1189 3686 1289 3754 Alter
1320 3688 1357 3754 in

382 3892 476 3960 hune
494 3892 638 3960 modum
656 3891 828 3980 loquendo
845 3912 916 3960 non
934 3893 1027 3961 idem
1045 3894 1150 3962 sentit
1169 3913 1177 3958 :

420 4169 457 4242 (l)
479 4169 699 4252 Itaneinekius
722 4170 792 4228 seite
814 4170 940 4227 correxit
961 4169 1044 4244 quod
1061 4186 1153 4243 prave
1176 4171 1357 4246 exscriptum

383 4309 490 4382 legitur
510 4311 593 4384 apud
613 4314 760 4368 Donatum
783 4311 830 4368 lll.
852 4328 879 4369 v.
903 4306 968 4367 tola
990 4311 1053 4374 Θεὸς
1071 4317 1198 4368 ΦΕΥΓΕΙ
1219 4317 1289 4368 οΥΚ
1313 4318 1356 4370 ΛΝ

384 4459 610 4513 enarramus.
