3610 5632
765 825 986 892 -57..

390 1069 494 1134 quam
516 1049 609 1114 enim
635 1049 773 1116 criticus
798 1051 854 1117 ille
880 1050 1098 1132 Terentium,
1125 1075 1230 1140 quem
1253 1076 1363 1122 unum

390 1283 527 1330 eservo
540 1264 754 1332 imitatorum
774 1285 897 1352 pecore
917 1266 1030 1348 habet,
1052 1268 1228 1356 quidpiam
1240 1268 1364 1336 indolis

390 1484 614 1552 personarum
632 1469 767 1534 mutare
784 1467 937 1553 potuisse
956 1469 1147 1554 suspicatus
1164 1474 1228 1537 est.

432 1665 610 1751 Attamen,
627 1666 656 1734 si
677 1667 824 1736 enodata
840 1670 932 1757 apud
950 1675 1138 1758 utrumque
1148 1675 1287 1759 poetam
1299 1693 1364 1740 no-

393 1871 488 1938 mina
504 1871 596 1938 inter
609 1889 646 1937 ae
656 1869 889 1954 conierentur,
899 1872 1118 1959 nonquidem
1128 1874 1362 1960 emendatum,

389 2069 496 2140 libere
515 2078 631 2142 autem
649 2074 856 2142 translatum
868 2074 975 2142 misse
994 2075 1170 2163 exemplar
1181 2075 1362 2144 constabit.

429 2273 858 2344 Menandermilitinomen
867 2275 999 2343 Biantis
1007 2275 1113 2358 dedit,
1124 2275 1293 2364 quiaeum
1301 2276 1365 2346 im-

389 2480 547 2564 potenter
565 2478 776 2566 loquentem,
787 2479 932 2548 fortasse
950 2483 1156 2566 erogantem
1172 2477 1364 2566 parvinum

274 2749 279 2754 .
391 2682 613 2770 probabiliter
626 2681 851 2752 describebat.
869 2681 965 2749 ldem
984 2683 1115 2750 Thraso
1135 2701 1260 2749 sonans
1275 2698 1364 2768 θρασύς

389 2909 409 2954 a
427 2887 589 2956 Terentio
607 2887 699 2956 inter
719 2887 786 2953 alia
812 2885 965 2974 plumbei
988 2885 1138 2953 hominis
1161 2885 1245 2953 vitia
1270 2904 1364 2951 arro-

390 3087 527 3176 gantiae
543 3088 711 3175 imprimis
726 3087 949 3172 illustrandae
967 3088 1120 3156 studioso
1139 3093 1293 3156 vocatur.

433 3291 607 3361 Struthias
626 3315 669 3362 ex
685 3310 804 3381 στρουθός
823 3295 919 3379 fluit3
934 3295 1103 3384 parasitus
1116 3297 1209 3364 enim
1220 3297 1360 3384 passeri,

388 3495 653 3565 domesticarum
667 3497 784 3565 avium
805 3500 961 3586 principi,
979 3500 1089 3588 pigro,
1110 3500 1224 3566 varaei
1237 3504 1272 3566 et
1290 3519 1362 3565 ma

386 3699 485 3767 lelieo
507 3720 577 3767 non
600 3700 764 3768 absimilis
787 3706 851 3769 est.
875 3697 1014 3769 Gnatho
1037 3701 1129 3768 idem
1152 3700 1246 3788 quod
1267 3717 1362 3780 Γυάοος

387 3905 547 3973 declarat.
575 3905 625 3974 lta
642 3907 792 3995 parasito
809 3906 998 3995 assignavit
1016 3905 1209 3974 Menander
1220 3925 1360 3988 nomen,

387 4103 456 4169 quo
484 4084 670 4152 nonnullae
695 4085 899 4172 praecipuae
926 4084 1000 4171 ejus
1026 4085 1123 4152 detes
1152 4084 1359 4166 indicantur,

387 4282 570 4354 Terentius
595 4284 866 4352 instrumentum
893 4285 985 4372 qued
1002 4305 1149 4373 persona
1170 4283 1300 4363 alienis,
1323 4289 1362 4350 ut

387 4488 562 4579 quendam
578 4489 660 4569 suia,
682 4489 845 4585 impensis
864 4509 1003 4564 movere
1023 4495 1127 4564 arnat.
