3614 5636
836 759 1054 828 „66-

458 1005 530 1052 mes
552 989 681 1066 tamen,
705 989 869 1070 tanquam
897 981 994 1050 Simo
1015 983 1071 1050 vel
1093 983 1234 1067 Demea,
1256 987 1292 1053 in
1315 986 1431 1074 aliqua

457 1205 494 1252 re
513 1183 747 1252 consideratus
763 1188 827 1250 est.
849 1181 965 1250 Unam
983 1200 1177 1269 personam,
1194 1202 1282 1269 quae
1300 1182 1431 1252 fallitur

456 1398 492 1460 et
521 1390 613 1460 nihil
641 1390 749 1478 sapit,
777 1387 907 1457 scilieet
934 1389 1158 1474 Thrasonem,
1186 1389 1280 1458 novi.
1310 1389 1430 1476 Itaque

456 1589 699 1656 Terentianum
713 1587 999 1656 consuetudinem
1008 1587 1119 1656 multo
1137 1587 1263 1656 rectius
1276 1587 1431 1676 percepit

457 1785 611 1854 Donatus
623 1784 699 1852 Ad.
715 1804 763 1868 iv,
779 1803 815 1869 11,
828 1785 870 1852 21
896 1803 904 1850 :
921 1806 938 1846 a
951 1781 1041 1851 Mire
1055 1783 1237 1852 Terentius
1252 1804 1310 1853 eos
1321 1785 1426 1872 ipsos,

456 1986 517 2073 qui
533 1985 711 2070 falluntur,
732 2007 780 2054 ea’
798 1986 925 2076 atiquo
941 1989 1050 2074 parte
1069 1990 1195 2054 cautos
1203 1984 1314 2073 facit.
1337 2007 1354 2048 a
1375 1985 1429 2052 Ex

456 2185 522 2252 hoo
550 2207 566 2246 α
595 2185 685 2252 mire
709 2189 834 2252 cautos
857 2183 946 2259 facit
973 2208 989 2247 »
1017 2185 1234 2252 scholiastam
1258 2185 1303 2253 ad
1322 2204 1427 2272 pecu-

455 2384 574 2451 liarem
593 2383 720 2453 Poetae
739 2384 904 2452 virtutem
921 2385 1110 2473 respexisse
1127 2404 1225 2472 oogo.

499 2586 690 2675 Phidippus
704 2587 888 2676 degenero
908 2607 970 2654 suo
989 2587 1038 2656 ita
1056 2587 1217 2675 opinatur
1235 2604 1242 2651 :

939 2867 1014 2940 (Her.
1029 2883 1049 2924 v
1062 2883 1087 2924 s.
1102 2871 1153 2924 553
1169 2868 1249 2941 sqq.)

455 3100 469 3130 «
484 3038 559 3136 Naim
573 3077 597 3134 si
610 3077 636 3135 is
649 3080 751 3151 posset
764 3039 803 3136 ab
817 3093 853 3136 ea
868 3093 931 3135 sese
945 3039 1104 3152 derepente
1118 3041 1256 3152 auellere,
1271 3103 1286 3133 »

454 3309 470 3342 a
488 3249 623 3356 Quicum
641 3294 685 3349 tot
702 3253 874 3351 consuisset
892 3308 999 3360 annos,
1018 3253 1081 3352 nin
1102 3308 1172 3350 eum
1194 3293 1346 3352 hominem
1366 3256 1424 3353 dri-

1286 3365 1393 3438 [oerem
1408 3388 1422 3418 a

452 3573 467 3606 «
483 3513 540 3612 Neo
554 3555 655 3614 uirum
670 3555 739 3614 satis
753 3516 876 3614 firmum
890 3559 998 3630 gnatae
1001 3579 1086 3616 ......

458 3879 459 3882 ,
496 3817 535 3885 Si
545 3816 651 3888 talem
664 3839 804 3888 sensum
818 3820 989 3909 Phidippo
1003 3841 1093 3889 nove
1103 3840 1175 3888 non
1188 3821 1345 3890 attribuit
1358 3821 1424 3890 Te-

450 4018 593 4101 rentius,
623 4041 703 4087 eum
733 4021 982 4108 significantius
1011 4047 1116 4113 quam
1143 4025 1335 4096 Menander
1362 4048 1423 4096 ex-

450 4220 655 4306 prompserit
667 4227 812 4308 oportet,
829 4224 993 4309 quoniam
1008 4225 1162 4293 Donatus
1180 4227 1223 4294 de
1242 4250 1258 4288 «
1273 4247 1421 4313 qnaoum

448 4425 501 4486 tot
520 4425 717 4488 consuesset
733 4440 841 4488 annos
862 4445 878 4484 a
903 4422 965 4507 (ιν,
986 4443 1009 4507 1,
1029 4423 1087 4508 40)
1105 4424 1192 4492 dixit
1213 4443 1220 4491 τ
1250 4447 1267 4487 «
1288 4423 1423 4495 Laudat
