3614 5636
833 757 1053 822 -76-

458 978 864 1084 iabulaeeneiliarinulla
876 979 911 1046 vi
924 987 1078 1067 possunt.
1102 1003 1119 1042 »
1134 980 1254 1066 laque
1267 995 1322 1050 ΑΛ
1333 986 1432 1049 etun

458 1180 601 1248 contusa
618 1181 667 1249 ibi
684 1182 791 1250 tuisse
808 1182 1006 1253 arbitratur.
1029 1183 1266 1253 Infirmissima
1279 1189 1332 1252 est
1348 1183 1435 1251 haee

459 1381 586 1472 opinio.
616 1383 754 1454 Etenim
789 1385 932 1454 Diibner
960 1387 1044 1454 dicit
1070 1405 1136 1454 nee
1166 1386 1341 1474 quomode
1370 1405 1435 1453 neo

460 1585 598 1671 quando
611 1584 819 1654 hoetaetum
839 1587 894 1653 sit.
914 1584 1014 1654 Sicut
1030 1606 1095 1674 ego
1114 1586 1269 1669 aestimo,
1290 1585 1435 1654 forsitan

460 1784 639 1856 acuidieset
657 1785 724 1857 ista
740 1785 906 1869 uenturo,
929 1786 958 1853 si
970 1805 1042 1853 non
1061 1785 1175 1855 solum
1187 1784 1347 1873 inprisea
1364 1783 1436 1854 edi.-

461 1986 1437 2079 tioneverbumquambrevissimeseriptumesset,verum

463 2185 579 2271 etiam,
595 2188 632 2254 id
643 2193 695 2256 est
713 2187 856 2256 maximi
869 2186 1037 2255 momenti
1055 2193 1090 2256 et
1106 2186 1279 2274 ponderis,
1300 2185 1329 2253 si
1348 2185 1437 2252 duae

465 2383 557 2453 solae
586 2384 722 2455 litterae
747 2385 894 2476 grandes
924 2385 1090 2470 fuissent;
1121 2405 1203 2452 nam
1227 2383 1437 2452 minutume

464 2587 608 2655 minime
628 2588 672 2656 ad
695 2588 955 2658 similitudinem
977 2587 1139 2656 minutii
1159 2585 1301 2656 aceedit.
1329 2584 1438 2652 Porro

468 2789 653 2860 Konradus
672 2791 816 2877 Gesner,
840 2793 902 2880 qui
916 2793 1008 2860 inter
1026 2789 1262 2879 sagarissimos
1280 2805 1341 2854 xvi
1366 2805 1440 2853 sae-

468 2991 537 3062 euh'
554 2994 706 3063 eruditos
725 3013 816 3062 unus
833 2993 957 3061 merito
979 2991 1138 3073 habetur,
1158 2987 1310 3057 nancisei
1329 2990 1440 3055 mate-

468 3195 556 3261 riam
579 3195 776 3284 ambigendi
800 3215 871 3262 non
895 3194 1026 3277 debuit,
1054 3189 1335 3280 quandoquidem
1361 3186 1442 3256 sto-

469 3394 594 3463 baeum
621 3395 830 3463 transferens
853 3394 920 3462 illis
945 3392 1101 3461 versibus
1126 3389 1306 3477 adscripsit
1337 3386 1443 3455 verba

474 3615 490 3656 «
519 3594 703 3664 Menandri
734 3597 771 3664 in
795 3595 962 3684 Adelphis
988 3617 1019 3679 r,
1046 3598 1086 3662 ut
1110 3590 1259 3679 exempli
1280 3608 1382 3657 eausa
1406 3589 1443 3655 in
1474 3604 1476 3608 ·

472 3799 559 3866 libro
571 3799 725 3867 Basileae
739 3799 827 3866 1549
843 3799 934 3866 edito
947 3797 1084 3885 legitur.
1101 3795 1313 3883 Repetamus
1326 3799 1444 3861 tamen

474 4007 588 4070 ortum
607 4003 681 4090 ejus
699 4003 886 4090 scripturae
905 3999 1124 4068 aveterrimo
1141 3997 1302 4079 fontium,
1317 3993 1445 4062 scilicet

477 4221 634 4302 agraeeo
646 4220 708 4268 xiv
719 4200 845 4269 saeculi
860 4200 998 4287 scripto,
1015 4196 1108 4286 qued
1122 4195 1186 4263 sub
1197 4213 1343 4262 numero
1358 4193 1445 4258 1984

476 4407 634 4477 Lutetiae
660 4406 869 4476 Parisiorum
895 4405 932 4472 in
956 4402 1169 4473 Bibliotheca
1194 4395 1323 4466 Gentili
1339 4393 1447 4483 possi-
