3610 5632
391 1021 407 1060 (ι
435 999 611 1064 homiuem
642 1018 716 1064 esse
743 1017 993 1084 perpaucorum
1024 998 1205 1063 hominum
1240 1020 1257 1059 a
1293 997 1363 1064 cla-

390 1208 519 1286 mante,
539 1203 660 1271 salsius
679 1224 785 1292 quam
796 1204 881 1272 haee
898 1205 1038 1292 parasiti
1057 1225 1124 1272 vox
1143 1204 1268 1271 blanda
1285 1224 1363 1291 pro-

387 1403 470 1470 ferri
487 1403 630 1490 potest?

855 1511 936 1584 (Eun.
956 1527 1009 1570 ra.
1025 1515 1076 1570 409
1093 1513 1169 1582 rm.)

795 1720 809 1749 n
826 1660 921 1758 immo
935 1699 1087 1758 nullorum
1101 1661 1229 1758 {rbitror
1239 1722 1253 1751 »

463 1882 477 1913 «
491 1861 520 1920 Si
533 1823 632 1920 timum
648 1861 730 1920 uiuit.
746 1883 760 1913 >¹

435 2056 537 2140 Nam,
557 2057 586 2124 si
603 2056 716 2125 verbis
735 2063 921 2145 patronum
935 2078 1038 2125 suum
1056 2056 1214 2125 laudibus
1227 2057 1270 2124 ad
1287 2075 1366 2123 eoe-
1391 2054 1400 2068 '

390 2253 463 2320 lum
480 2254 644 2323 extollere
666 2255 763 2338 solet,
784 2276 823 2322 re
845 2255 1033 2344 gloriosum
1051 2257 1157 2325 istum
1174 2257 1310 2324 virtutis
1330 2261 1365 2323 et

394 2454 527 2522 consilii
547 2462 708 2544 egentem
730 2461 944 2543 aspernatur,
970 2475 1074 2543 quem
1096 2476 1168 2524 non
1188 2456 1364 2523 homiuem

391 2661 464 2728 sine
481 2659 551 2727 ulla
568 2659 783 2727 dubitatione
795 2659 901 2726 ducit.
916 2658 1095 2727 Interdum
1107 2660 1145 2727 in
1157 2660 1230 2747 ejus
1245 2658 1364 2726 adula-

390 2864 485 2932 tione
493 2864 584 2932 inest
600 2865 721 2947 ironia,
738 2864 795 2932 vel
813 2884 923 2950 quum
941 2864 1035 2931 hunc
1050 2884 1169 2952 regem
1191 2887 1207 2926 ι(
1227 2865 1364 2953 elegan-
1415 2845 1419 2854 ’

370 3077 373 3082 ·
390 3071 462 3132 tem
476 3088 492 3128 »
507 3084 581 3132 esse
591 3065 774 3133 existimat.
791 3064 936 3153 Saepius
948 3065 1125 3133 cavillator
1133 3083 1197 3131 nec
1206 3069 1364 3132 metuens

391 3287 435 3335 ne
449 3267 547 3336 miles
566 3267 725 3356 superbia
750 3268 963 3356 stultitiaque
988 3266 1301 3355 praestantissimus
1329 3287 1366 3336 se

391 3463 540 3531 derideri
553 3463 690 3546 sentiat,
709 3483 791 3531 eum
805 3463 976 3531 laudando
991 3463 1123 3530 irridet.
1138 3461 1215 3528 Hoc
1230 3461 1366 3528 dicendi

393 3685 502 3753 genus
531 3666 568 3732 in
595 3685 709 3749 scena,
741 3666 802 3734 ubi
826 3665 934 3733 hostis
959 3662 1101 3732 aedibus
1126 3661 1366 3728 meretriculae

391 3867 561 3950 imminet,
582 3886 653 3933 non
672 3867 778 3934 semel
792 3868 995 3934 observatur
1015 3885 1022 3932 :

450 4154 454 4160 .
502 4136 516 4165 α
592 4115 727 4172 Fundam
741 4076 794 4174 tibi
808 4131 888 4172 nuno
903 4114 991 4171 nimis
1006 4075 1114 4171 uelle¹m
1129 4114 1194 4172 dari
1209 4136 1223 4165 »

395 4320 409 4349 α
425 4302 458 4354 Vt
471 4302 501 4354 tu
516 4259 584 4354 illos
598 4299 702 4370 proeul
717 4299 788 4355 hina
808 4261 844 4355 (lex
859 4299 975 4356 oeerdto
994 4261 1132 4355 <uideres
1150 4315 1156 4352 :
1178 4261 1307 4354 furemini
1324 4299 1368 4352 fu-

1247 4370 1364 4440 uam.»

830 4484 912 4550 (Eua
927 4497 946 4536 v
961 4498 984 4537 s.
1002 4485 1063 4538 786.
1080 4481 1154 4550 787.)
