3614 5636
761 844 802 853 -
849 807 914 874 123
959 845 1001 855 -

397 1016 563 1084 «Graeca
591 1017 785 1086 Manandru
811 1040 842 1098 u,
870 1019 1015 1104 quanti
1041 1020 1128 1088 solet
1150 1021 1310 1105 formula,
1339 1022 1369 1089 si

395 1216 559 1285 Latinum
581 1238 661 1286 cum
681 1216 812 1286 Graeco
830 1219 989 1306 congruit
1010 1221 1151 1288 nomine
1161 1238 1171 1304 ;
1193 1221 1230 1288 in
1254 1221 1369 1290 didas-

395 1423 481 1492 calia
507 1423 726 1492 Phormionis
754 1430 884 1509 contra,
917 1426 1014 1493 cuius
1040 1447 1169 1494 noman
1197 1432 1299 1516 potita
1326 1429 1369 1497 ad

396 1644 497 1691 suum
518 1623 700 1692 arbitrium
717 1623 829 1709 finxit,
850 1626 997 1715 legimus
1018 1647 1026 1694 ε
1045 1650 1061 1688 «
1082 1626 1213 1696 Graeca
1228 1628 1370 1716 Apollo-

396 1825 483 1893 doru
497 1823 810 1912 Epidicazomenos.
836 1849 852 1888 »

441 2024 512 2094 Sed
532 2047 577 2094 ne
594 2027 745 2102 secundo
763 2029 904 2116 quidem
925 2028 999 2096 loco
1018 2028 1271 2118 EpitrepontaS,
1293 2027 1370 2094 Ma-

396 2227 520 2294 nandri
543 2227 671 2312 fabula,
697 2229 741 2294 ad
766 2227 926 2296 Latinam
952 2229 1126 2317 Hecyram
1154 2227 1370 2297 formandam

397 2421 511 2489 valera
536 2421 659 2510 potuit.
686 2420 879 2497 Quominus
903 2423 989 2490 hauc
1011 2423 1178 2511 probetur
1200 2421 1371 2490 sententia

396 2623 590 2710 impediunt
612 2623 737 2691 codicis
761 2623 921 2691 Bambini
942 2622 1077 2690 verba:
1103 2645 1120 2685 «
1143 2621 1273 2716 Graeca
1296 2624 1371 2691 Me-

396 2825 543 2893 nandru.
567 2847 584 2888 »
604 2826 694 2894 Nam
717 2844 797 2894 oum
816 2846 935 2893 omnes
953 2825 1156 2894 didascaliaa
1174 2824 1371 2892 fabularum

398 3027 707 3096 contaminatarum
725 3048 835 3095 unum
847 3033 983 3096 tantum
997 3047 1125 3095 nornen
1138 3027 1243 3114 idque
1254 3045 1371 3095 axum-

397 3229 446 3316 pli
469 3228 664 3316 principalis
683 3229 832 3312 tradant,
851 3229 908 3296 hic
925 3206 1007 3296 caan
1029 3249 1157 3298 nomen
1174 3232 1295 3316 poitaa
1315 3247 1371 3294 sa-

398 3431 581 3500 cundariaa
593 3431 729 3500 fabulaa
743 3451 885 3521 graenaa
903 3436 1078 3500 servatmn
1092 3436 1127 3499 at
1143 3431 1250 3519 ipsius
1269 3431 1371 3498 fabu-

396 3631 449 3699 lae
462 3651 590 3700 nomen
600 3637 679 3720 post
695 3653 711 3694 u
728 3630 923 3700 Menandru
939 3653 956 3693 u
969 3630 1136 3699 excidisse
1148 3630 1371 3698 statuendum

288 3903 291 3909 ,
396 3837 486 3899 esset
509 3830 571 3917 (1).
596 3830 673 3898 Hoc
695 3831 724 3898 si
748 3835 960 3918 putaremur,
984 3829 1097 3898 studio
1117 3828 1243 3909 codicis
1266 3829 1371 3896 Bam-

432 4068 470 4139 (1)
486 4071 526 4123 Eo
545 4066 733 4140 conjecturae
754 4065 870 4122 Fischer
888 4065 1061 4138 procederet
1079 4081 1141 4120 non
1159 4079 1279 4121 neeesse
1297 4067 1370 4133 arat,

396 4220 494 4276 quum
509 4201 702 4260 didascaliam
717 4201 888 4284 fabularum
898 4201 1169 4258 contaminatarum
1182 4216 1293 4259 nomen
1303 4216 1372 4272 poe·

397 4347 443 4400 tae
465 4343 633 4399 secundarii
655 4345 781 4417 exempli
804 4361 961 4418 nunqnam
983 4343 1162 4401 continuisse
1183 4348 1296 4402 certum
1317 4342 1369 4399 ha·

395 4478 532 4534 beamus,
