3614 5636
824 790 1066 856 „100-

455 1017 552 1083 deret
569 1035 679 1082 novae
698 1033 862 1102 personae
880 1013 1014 1092 idonea,
1042 1011 1094 1078 vel
1114 1031 1155 1078 ea
1178 1032 1302 1099 quaea
1325 1037 1428 1085 versu

455 1217 499 1282 40
518 1234 627 1301 usque
646 1213 689 1280 ad
709 1214 752 1279 45
771 1211 1015 1318 efferuntnret
1033 1211 1176 1298 quaein
1194 1215 1350 1283 versibus
1372 1217 1426 1284 60.

455 1416 510 1481 61.
531 1415 586 1481 67.
607 1413 662 1480 68.
684 1412 761 1479 142.
782 1413 849 1479 143
861 1412 992 1482 insunt.
1015 1411 1067 1480 lbi
1088 1432 1171 1482 vero
1191 1412 1308 1484 liberti
1325 1416 1428 1484 indo-

455 1615 504 1682 les
522 1612 750 1702 exprimitur3
771 1617 981 1701 quapropter
997 1611 1096 1681 Sosia
1116 1613 1343 1684 Terentianus
1362 1621 1425 1686 est.

499 1810 593 1880 Inter
609 1811 848 1900 Adelphorum
866 1809 990 1878 Getam
1001 1817 1036 1880 et
1053 1811 1162 1882 Ploaii
1176 1813 1429 1884 Parmenonem

454 2014 566 2083 simile
587 2013 752 2102 quiddam
773 2011 926 2100 proiecto
949 2017 1013 2080 est.
1038 2012 1163 2081 Nonne
1182 2011 1270 2081 Geta
1290 2014 1427 2084 domes-

455 2212 523 2280 tieo
547 2211 642 2278 luotu
669 2215 805 2278 tanturn
833 2209 1006 2276 cruciatur
1028 2216 1196 2295 quantum
1228 2211 1429 2280 Parmeno?

455 2411 579 2479 Nonne
598 2410 699 2477 ambo
718 2408 817 2475 herili
833 2406 923 2475 filiae
937 2407 1324 2497 studiosissimefavent,
1339 2413 1429 2500 ejus-

455 2632 523 2700 que
542 2614 666 2696 vieem,
683 2613 872 2678 amicorum
889 2610 1102 2679 sincerarum
1114 2611 1222 2678 instar
1235 2611 1429 2680 misericor—

453 2814 526 2904 dae,
559 2813 783 2900 queruntur?
812 2811 930 2890 Quum
955 2813 1140 2896 Parmeno,
1171 2820 1211 2881 ut
1237 2819 1354 2882 narrat
1381 2813 1426 2880 A.

454 3010 584 3078 Gellius
608 3011 670 3097 (1),
697 3033 714 3073 n
737 3011 907 3100 gemitum
931 3016 966 3078 et
989 3010 1162 3098 ploratum
1180 3009 1276 3079 audit
1294 3011 1428 3099 puellae

453 3211 490 3276 in
497 3209 678 3298 puerperio
685 3209 859 3293 enitentia,
877 3209 986 3290 timet,
1001 3209 1189 3292 irascitur,
1199 3211 1424 3300 suspicatur,

454 3413 659 3494 miseretur,
679 3411 786 3480 dolet.
810 3434 827 3474 a
847 3411 935 3480 Geta
950 3413 1099 3501 puellam
1118 3413 1162 3482 ab
1179 3413 1347 3482 AEsehino
1364 3415 1425 3481 de-

439 3614 521 3681 'seri
540 3613 715 3700 suspicans
733 3611 856 3680 iisdem
875 3611 1053 3682 affectibus
1072 3619 1262 3702 occupatur
1282 3632 1290 3680 :

982 3839 1052 3913 (Ad.
1066 3857 1086 3898 v
1100 3856 1125 3897 s.
1137 3843 1189 3900 299
1204 3840 1284 3915 sqq.)

454 4050 468 4080 «
483 4031 565 4086 Nune
579 3987 654 4085 illud
668 4032 722 4096 ost,
740 4043 845 4100 quom,
864 4027 889 4084 si
902 3985 1005 4084 <¹>mnia
1024 4041 1129 4084 omnes
1143 3985 1199 4083 sia
1216 4025 1339 4085 consilia
1353 3986 1425 4084 etin·

1290 4096 1396 4168 [ierant
1409 4119 1424 4149 a

453 4291 466 4323 α
483 4275 578 4344 Atque
592 4228 663 4326 huia
680 4267 757 4326 malo
774 4230 900 4327 salitem
915 4272 1071 4342 quaerant,
1087 4228 1177 4325 airxili
1192 4267 1233 4324 nil
1247 4228 1393 4340 iderant,
1409 4291 1424 4322 n

487 4482 523 4555 (l)
539 4481 674 4539 Noctium
688 4479 850 4538 Atticarum
861 4478 914 4540 lib.
929 4495 961 4541 n.
975 4496 1053 4538 xxnr.
