3614 5636
734 767 952 839 ,65-

400 995 494 1061 Num
509 993 635 1061 iooutio
651 1011 668 1055 a
687 1011 749 1081 pm
762 993 867 1060 deum
881 998 984 1080 atque
996 992 1178 1060 hominum
1193 987 1296 1060 fidem
1312 1018 1328 1056 a

356 1191 517 1279 exprimit
531 1203 593 1276 πρὸς
605 1208 649 1272 τῆς
669 1199 799 1272 ’notat
818 1188 920 1257 Unde
940 1189 1086 1257 veniunt
1101 1186 1206 1257 verba
1219 1209 1236 1252 u
1247 1189 1332 1277 quid

356 1391 409 1458 uis
431 1390 506 1474 tibi,
531 1389 616 1477 quid
638 1387 806 1476 quaeris?
827 1412 844 1451 u
868 1388 992 1457 Latine
1013 1317 1103 1456 nihil·
1121 1389 1216 1458 idem'
1230 1389 1333 1478 piane

357 1587 449 1656 valet
462 1586 556 1674 quod
571 1600 680 1672 γεγονὼς
693 1597 734 1667 tm
747 1604 864 1654 tusses.
884 1579 1041 1674 Denique
1060 1603 1077 1650 «
1091 1591 1151 1654 aut
1169 1587 1246 1676 pius
1258 1603 1331 1656 eo»
1406 1627 1408 1632 .

357 1789 560 1876 neutiquam
585 1785 699 1854 reddit
722 1801 794 1874 taso.
822 1781 915 1864 Quin
942 1789 1047 1856 etiam
1067 1807 1111 1855 ex
1132 1805 1203 1856 uno
1226 1787 1333 1856 verbo

358 2005 475 2074 δαιμονᾷς
507 1986 696 2053 maximum
715 1985 899 2055 discrimen
930 1986 1168 2075 proficiscitur.
1203 1985 1333 2077 Super-

358 2203 463 2275 quam
491 2187 585 2275 quod
613 2187 649 2254 id
681 2187 767 2255 duas
796 2185 948 2256 Terentii
974 2199 1137 2277 personas
1163 2208 1234 2256 non
1262 2193 1333 2256 tam

359 2407 486 2476 magno
509 2386 751 2455 familiaritatis
772 2405 838 2454 usu
859 2387 1023 2476 eonjungi
1042 2389 1221 2478 perspicue
1244 2389 1335 2458 indi-

362 2588 427 2667 cat,
447 2583 570 2670 (quum
583 2583 831 2652 Menedemum
839 2584 893 2652 his
906 2586 1022 2654 verbis
1032 2587 1133 2656 adeat
1143 2585 1309 2655 Chremes
1325 2606 1333 2653 :

362 2879 376 2916 α
399 2861 579 2934 Quanquam
597 2821 672 2920 huie
691 2859 768 2918 iuter
784 2868 841 2918 nea
858 2820 956 2934 niper
976 2860 1078 2920 notitia
1099 2823 1294 2921 aidmodumst
1310 2863 1336 2936 a)

838 3020 1033 3092 (heautontim.
1047 3037 1066 3078 v
1080 3038 1104 3079 s.
1121 3022 1178 3095 53.)
1200 2977 1205 2990 Ι

362 3223 514 3313 primum
543 3223 699 3291 omnium
730 3223 915 3310 quamdam
942 3223 1168 3291 inhumanam
1193 3223 1338 3292 Menan-

364 3428 466 3496 dreae
483 3447 649 3515 personae
675 3427 838 3495 duritiem
863 3425 1006 3514 detegit,
1034 3445 1123 3513 quae
1146 3423 1339 3493 Chremetis

323 3717 325 3722 Ι
364 3638 437 3701 tam
457 3631 600 3700 humani
623 3638 658 3701 et
679 3632 716 3699 in
740 3630 894 3700 vicinum
912 3651 1015 3699 suum
1038 3628 1254 3717 aegritudine
1277 3646 1339 3714 op-

365 3845 522 3920 pressum
536 3831 696 3900 benevoli
711 3829 850 3920 propria
866 3849 937 3898 uon
949 3827 1044 3918 apud
1059 3824 1261 3896 Terentium
1273 3833 1336 3894 est.

477 4028 1228 4118 Caiphumiusadversum45Heontontim.
1251 4027 1338 4109 m,1

365 4203 564 4297 adnotavit:
582 4251 598 4291 ι(
612 4228 767 4296 Observa
778 4229 1020 4296 Terentianam
1039 4225 1337 4309 cousuetudinem,

368 4427 428 4512 qui
446 4417 578 4494 inducit
597 4425 689 4495 nihil
707 4445 837 4516 supere
850 4373 909 4494 eos
927 4425 987 4512 qui
1003 4424 1181 4492 falluntur.
1205 4421 1341 4489 »Chre-

1142 4537 1163 4602 5
