3614 5636
753 823 993 890 -119-

388 1071 522 1120 versam
548 1050 586 1116 in
613 1048 765 1117 Terentii
790 1046 976 1134 Hecyram.
997 1043 1127 1112 Contra
1152 1029 1360 1112 Ritschelius
1443 1027 1445 1031 ⁸
1491 1122 1495 1132 ι

389 1251 488 1318 affert
503 1250 588 1317 haec
606 1269 641 1337 p.
662 1247 729 1315 326
752 1265 759 1312 :
780 1246 968 1312 1Donatus
986 1263 1165 1330 nunquam
1177 1243 1260 1310 citat
1270 1242 1362 1309 locos

389 1452 567 1542 parallelos
605 1469 625 1518 e
659 1447 862 1516 Menandre.
896 1446 918 1512 2
949 1443 1158 1532 Fragmenta
1194 1461 1213 1510 e
1248 1441 1365 1508 tabula

395 1665 585 1738 Ἐπιτρέποντες
608 1656 797 1739 quaesunt
819 1649 910 1737 apud
933 1588 1146 1716 Meinekium
1171 1644 1266 1713 nullo
1288 1645 1363 1712 loco

389 1859 599 1947 respondent
615 1857 785 1945 Hecyrae.
807 1856 829 1922 3
847 1855 1104 1943 Argumentum
1122 1852 1280 1939 Hecyrae
1292 1855 1364 1918 tam

390 2065 443 2127 est
461 2058 618 2146 simplex,
639 2062 679 2124 ut
696 2057 754 2124 vix
775 2056 845 2123 ulla
861 2055 970 2143 possit
986 2055 1104 2122 deesse
1128 2073 1231 2120 scena
1248 2053 1304 2120 vel
1321 2053 1365 2120 ad

390 2280 496 2328 unam
521 2257 666 2326 solidam
685 2256 909 2325 comoediam.
932 2292 975 2302 -
995 2253 1092 2330 Quae
1103 2253 1218 2321 omnia
1238 2253 1366 2320 cadunt

391 2458 520 2546 optime
532 2458 562 2525 si
572 2457 659 2525 mihi
668 2457 824 2526 assentis.
840 2495 878 2504 -·
890 2457 1004 2525 Etiam
1016 2477 1105 2544 quae
1113 2458 1156 2524 ad
1175 2473 1365 2546 Ἐπιτρέποντες

391 2665 549 2747 spectant
566 2660 683 2726 omnia
697 2664 842 2747 possunt
860 2658 1058 2728 enucleari:
1078 2665 1218 2748 propter
1232 2659 1367 2728 Sidonii

392 2860 498 2928 verba
522 2860 677 2927 nondum
700 2864 850 2928 statuere
875 2880 1014 2928 necesse
1036 2866 1089 2928 est
1112 2881 1188 2928 eam
1213 2859 1366 2926 fabulam

393 3064 551 3153 Hecyrae
568 3063 793 3133 Terentianae
813 3063 969 3130 eandem.
998 3077 1187 3148 ‘Eattpaoue
1211 3067 1246 3128 et
1271 3075 1366 3146 Ἑκύρα

262 3259 266 3266 ’
393 3267 580 3336 Menandri
599 3264 702 3334 simili
716 3266 911 3334 conditione
926 3265 1134 3351 compositae
1150 3266 1247 3330 crant
1261 3282 1366 3348 quam

399 3486 504 3558 ’Avdpla
522 3476 558 3538 ei
577 3487 704 3558 Περινθία.
726 3469 880 3558 Utraque
900 3489 1018 3536 earum
1039 3466 1204 3534 Slmflllml
1221 3473 1294 3533 erat
1310 3486 1366 3532 ar·
1426 3556 1433 3580 '

393 3671 551 3758 gumenti
570 3669 747 3756 (Sidonius
769 3692 785 3733 u
805 3668 925 3736 similis
951 3668 1147 3756 argumenti
1170 3689 1201 3750 a,
1225 3666 1364 3734 Terent.

393 3873 479 3960 prol.
500 3872 624 3941 Andr.
641 3877 683 3940 11
701 3896 717 3936 u
739 3893 809 3940 non
822 3872 979 3940 dissimili
994 3874 1199 3958 argumento
1215 3868 1260 3954 a),
1275 3869 1369 3955 quod

394 4072 438 4138 de
456 4071 660 4154 Menandro,
687 4071 747 4158 qui
770 4076 873 4159 poeta
897 4070 973 4158 plus
999 4074 1138 4137 centum
1159 4069 1294 4156 scripsit
1318 4069 1333 4133 i
1353 4105 1369 4115 -

396 4272 494 4339 bulas
507 4278 693 4359 angustum
701 4271 804 4338 modo
817 4271 1087 4339 vitaehumanae
1098 4269 1265 4336 circulum
1277 4289 1370 4336 eom-
1396 4299 1398 4302 ·

396 4475 584 4574 plectentes
601 4475 655 4560 (ut
673 4496 692 4542 e
710 4474 811 4550 certis
830 4480 865 4549 et
882 4473 959 4548 fixis
982 4479 1018 4540 et
1037 4472 1165 4568 ubique
1186 4492 1370 4546 occurren·
