3614 5636
815 739 1036 804 ..70-

482 963 600 1031 Ihnius
625 927 760 1029 dubitat
784 981 829 1026 an
854 961 910 1027 hic
937 981 1056 1027 versus
1083 959 1321 1047 Adelphorum
1352 961 1407 1043 sit,

437 1164 519 1251 quia
538 1185 554 1224 «
579 1161 734 1229 Donatus
757 1160 909 1248 quidem,
933 1160 1058 1247 inquit,
1085 1158 1312 1229 Terentianae
1331 1181 1410 1229 sen-

437 1363 565 1432 tentiae
584 1362 727 1451 opponit
749 1361 1007 1445 Mcnandream‚
1032 1381 1103 1428 non
1122 1366 1239 1428 autem
1259 1362 1354 1431 addit
1367 1383 1410 1430 ex

438 1583 507 1652 qua
524 1561 707 1630 Menandri
727 1561 844 1628 fabula
870 1526 1052 1648 desumpta
1071 1561 1140 1628 sint
1161 1562 1277 1629 verba.
1307 1585 1323 1624 »
1344 1562 1410 1647 (De

438 1766 585 1853 Adelph.
607 1786 641 1853 p.
664 1766 736 1850 28.)
753 1765 866 1842 Quam
883 1766 1134 1834 dubitationem
1152 1787 1223 1834 non
1239 1767 1406 1856 intelligo.

371 2037 374 2042 ,
439 1965 640 2048 Scholiasta,
661 1967 799 2052 quando
815 1986 995 2053 nunquam
1012 1987 1075 2034 nos
1089 1967 1196 2038 docet,
1206 1968 1410 2036 nominatim

438 2187 481 2233 ex
499 2185 568 2252 qua
585 2166 762 2234 comoedia
779 2165 959 2252 depromat
976 2187 1085 2253 pauca
1102 2113 1191 2252 puae
1211 2167 1352 2254 profert,
1365 2168 1409 2234 ob

439 2387 516 2434 eam
542 2385 615 2432 rem
644 2366 737 2452 quod
763 2365 958 2453 principalis
982 2365 1131 2453 exempli
1155 2386 1290 2453 semper
1314 2372 1407 2449 sunt,

440 2583 533 2647 sane,
562 2563 591 2632 si
613 2565 783 2633 sententia
809 2563 868 2632 illa
894 2559 1032 2633 aliunde
1055 2571 1308 2653 excerperem,
1336 2565 1410 2652 ejus

438 2767 569 2835 fontem
587 2766 795 2854 designaret.
817 2765 888 2833 Sed
905 2765 948 2831 ab
967 2763 1066 2832 lhnio
1087 2787 1104 2827 «
1121 2784 1161 2832 ea
1177 2765 1283 2832 verba
1294 2765 1409 2832 minus

439 2965 844 3072 convenientiaMicionis
853 2966 989 3052 quietae
1000 2963 1222 3052 placidaeque
1232 2966 1378 3033 orationi
1392 2988 1408 3028 »

439 3167 586 3234 ducente
609 3185 827 3252 nequaquam
859 3166 1034 3235 dissentio.
1069 3167 1143 3234 Nec
1173 3173 1226 3234 est
1255 3187 1316 3235 cur
1347 3168 1411 3234 hac

440 3364 667 3452 discrepantia
687 3371 898 3453 stupeamus,
922 3385 1031 3453 quum
1048 3385 1089 3432 ea
1111 3367 1281 3434 concitata
1306 3366 1412 3433 verba

440 3562 618 3651 Lamprias
635 3564 788 3652 quidem,
809 3586 879 3633 non
893 3571 1010 3634 autem
1027 3566 1133 3635 Micio
1148 3566 1261 3635 faciat.
1276 3566 1330 3633 Ex
1342 3513 1411 3653 quo

439 3762 586 3831 alterum
603 3765 713 3833 multo
733 3767 983 3847 vehementius
1008 3768 1155 3836 alterum
1174 3770 1314 3857 segnius
1332 3791 1411 3838 sen-

439 4105 512 4162 sisse
530 4107 753 4178 conJectaratur.
775 4111 856 4174 Quae
877 4125 946 4165 vero
961 4108 1183 4167 emendationes
1205 4110 1280 4166 utin
1299 4110 1411 4169 incerto

439 4256 519 4321 sunt,
534 4252 630 4325 qualis
644 4254 727 4327 apud
741 4257 889 4312 Donatum
905 4255 1052 4313 invenitur
1064 4256 1154 4314 talem
1168 4256 1349 4329 perscribere
1364 4273 1409 4314 se·

438 4393 557 4453 narium
571 4395 674 4454 malui.
