3614 5636
761 772 980 840 ..73..

383 1020 487 1087 quam
503 998 680 1084 Lamprias
698 1006 875 1084 gravatur,
892 1002 952 1064 aut
969 996 1146 1083 Lamprias
1165 996 1232 1064 alio
1253 998 1357 1064 modo

383 1199 602 1291 gravabatur.
628 1196 709 1265 Mea
728 1216 810 1266 vero
828 1197 1010 1280 sententie,
1033 1196 1076 1264 ad
1099 1215 1239 1263 versum
1257 1197 1301 1262 15
1322 1197 1360 1264 id

384 1401 562 1474 adnotavit
589 1399 757 1480 Donatus,
790 1396 872 1483 quia
900 1395 949 1463 ibi
976 1395 1184 1466 Terentiana
1213 1419 1360 1487 persona

384 1600 649 1690 repugnantiam
670 1598 727 1668 vel
743 1597 894 1672 maxime
912 1595 1066 1680 revelat3
1086 1597 1182 1666 nulla
1199 1618 1237 1666 re
1252 1597 1360 1687 igitur

387 1800 430 1878 ad
446 1798 690 1886 sesnandum
702 1817 820 1869 senem
832 1796 1084 1873 Menandreum
1095 1803 1132 1870 et
1145 1798 1359 1887 aliquantam

387 2000 552 2088 refragari
569 1999 731 2081 adduoor,
753 2016 867 2084 neque
879 1993 1105 2082 fieripostest,
1120 2001 1160 2064 ut
1178 1998 1361 2084 quisquam

387 2220 407 2269 e
431 2199 633 2270 scholiastae
659 2197 880 2276 adnotatione
902 2213 984 2266 eum
1006 2194 1073 2266 alio
1099 2197 1202 2268 modo
1224 2200 1362 2286 gravari

388 2398 524 2476 inierat.
544 2397 710 2476 Attamen
730 2396 849 2469 Ihnius
863 2396 1011 2470 duarum
1022 2355 1247 2484 personarum
1263 2400 1363 2470 indo-

388 2597 457 2676 lem
483 2617 554 2674 non
584 2595 795 2674 simillimam
818 2617 893 2666 esee
919 2598 968 2668 eie
995 2599 1215 2671 coneedendo
1244 2619 1362 2668 seeum

388 2801 461 2888 ipae
472 2805 615 2888 pugnat.
638 2798 695 2870 Ad
710 2819 882 2874 summam
900 2819 943 2866 ex
963 2800 1089 2868 Donati
1107 2800 1220 2872 verbis
1240 2801 1363 2870 Mirie-

389 3019 471 3078 naut
483 3019 564 3072 oum
573 2998 746 3088 Lampria,
756 3000 871 3086 quoad
882 3001 1179 3087 aequalemanimi
1192 3008 1362 3085 tenorem,

390 3199 581 3289 comparari
596 3200 740 3286 nequire
756 3199 969 3287 intelligatur
986 3219 1126 3270 neeesse
1145 3207 1208 3269 est.

435 3400 512 3480 ,Jam
534 3399 790 3470 consideremus
812 3419 898 3468 num
919 3399 1048 3468 Demea
1069 3401 1164 3470 omni
1188 3402 1366 3476 oeeaeione

392 3600 436 3670 sit
461 3621 477 3662 u
498 3600 642 3690 agrestis
661 3604 696 3672 et
712 3599 817 3671 tristis
839 3620 870 3680 a,
897 3599 950 3666 uti
973 3619 1009 3668 se
1034 3600 1177 3670 metitur
1196 3601 1270 3689 ipse
1293 3625 1316 3672 v
1335 3624 1363 3672 e.

392 3799 469 3885 866,
489 3803 525 3867 et
542 3803 712 3888 quatenus
734 3799 783 3870 ita
802 3800 1052 3888 progrediatur.
1075 3801 1187 3870 Fratri
1211 3801 1295 3875 dioit
1309 3801 1367 3876 ille

393 4023 451 4070 vs.
461 4003 503 4069 81
516 4021 523 4070 :
537 4025 553 4065 «
568 3965 950 4094 ...maemopporaiae
960 4029 972 4073 .·
987 4008 1146 4096 teipsum
1157 3968 1336 4097 qrradrite.
1348 4033 1366 4074 a

394 4199 486 4276 Quas
517 4221 618 4270 voees
645 4203 801 4290 sequitur
830 4203 984 4277 scholion
1018 4226 1025 4276 :
1060 4230 1076 4270 a
1105 4207 1231 4277 Melius
1263 4228 1368 4295 quem

394 4405 596 4490 Menander,
616 4428 696 4486 euru
715 4409 771 4486 hie
789 4408 888 4486 illurn
904 4407 949 4474 ad
968 4407 1124 4495 jurgium
1142 4407 1367 4496 promtiorem
