3614 5636
754 777 973 844 ..99-

379 1004 538 1070 notavit:
565 1024 581 1063 «
606 999 710 1088 Apud
734 1001 935 1068 Terentium
960 1021 1127 1088 porsonae
1150 1003 1352 1072 immutatae

380 1211 509 1272 sunt.»

425 1404 482 1471 Ad
507 1423 648 1471 versum
676 1405 719 1469 13
746 1402 881 1490 prologi
907 1404 944 1469 in
968 1402 1138 1470 Andriam
1163 1401 1356 1474 Scholiasta

382 1605 561 1674 adnotavit
581 1624 588 1670 :
612 1601 812 1675 «Conscius
831 1607 896 1675 sibi
913 1612 977 1692 est,
993 1609 1141 1696 primam
1161 1629 1298 1680 scenam
1312 1612 1355 1679 de

384 1807 563 1876 Perinthia
579 1827 653 1876 esse
667 1807 880 1891 translatam,
894 1807 954 1874 ubi
969 1827 1074 1876 senex
1091 1810 1140 1877 ita
1151 1828 1231 1878 cum
1250 1831 1357 1879 uxore

383 2007 546 2094 loquitur,
573 2014 614 2076 ut
637 2007 730 2096 apud
753 2007 955 2078 Terentium
978 2030 1058 2078 cum
1084 1995 1208 2079 hherto
1230 2030 1237 2076 :
1263 2015 1298 2079 at
1320 2011 1357 2079 in

383 2211 516 2280 Andria
533 2212 728 2297 Menandri,
749 2214 841 2282 solus
860 2235 965 2284 senex
989 2221 1052 2284 est.
1074 2239 1091 2280 a
1117 2216 1194 2285 ldeo
1212 2217 1240 2284 si
1259 2216 1359 2285 Sosia

385 2411 617 2481 Menandreae
642 2413 794 2482 Andriae
818 2422 919 2500 esset,
942 2422 1047 2498 muta¹
1064 2437 1211 2504 persona
1233 2418 1270 2484 in
1294 2417 1360 2485 hac

384 2613 500 2681 fabula
519 2633 593 2680 esse
616 2612 763 2682 debebat
785 2631 792 2680 :
813 2613 949 2681 nullum
971 2614 1065 2682 enim
1083 2613 1236 2682 Andriae
1263 2634 1360 2702 pers-

385 2813 475 2901 picio
498 2812 613 2880 locum
638 2813 675 2879 in
701 2831 770 2900 quo
797 2812 892 2900 loqui
916 2812 1060 2881 libertus
1084 2813 1264 2902 potuisset.
1296 2811 1360 2881 Sin

387 3017 503 3080 autem
516 3009 662 3095 Sosiam,
674 3016 715 3079 ut
729 3031 990 3100 personamnon
1002 3019 1147 3096 mutam,
1163 3012 1361 3079 Perinthiae

388 3209 493 3276 luisse
511 3208 723 3296 conjicimus,
747 3229 829 3276 eum
845 3209 973 3297 quippe
993 3209 1054 3296 qui
1072 3228 1143 3276 non
1160 3208 1197 3274 in
1214 3208 1360 3294 primam

388 3427 527 3475 scenam
543 3408 776 3491 induceretur,
798 3407 864 3476 alio
876 3425 1034 3476 sermone
1052 3427 1155 3474 usum
1169 3427 1243 3474 esse
1262 3425 1361 3493 opor-

388 3613 451 3676 tet.
465 3607 565 3705 Tunc
574 3608 671 3695 qu'us
683 3608 719 3674 in
733 3608 940 3676 Terentiana
950 3607 1084 3675 Andria
1096 3607 1211 3674 liberti
1224 3627 1336 3675 sermo
1344 3593 1371 3672 l'

393 3805 500 3874 Utin
522 3807 701 3876 Perinthia
723 3828 812 3875 uxor
834 3828 914 3876 cum
939 3828 1020 3874 sene
1039 3807 1255 3894 loquebatur,
1282 3827 1363 3874 sane

394 4007 515 4076 eadem
542 4027 630 4094 quae
655 4012 813 4074 matrona
840 4007 987 4075 faciebat
1013 4007 1120 4074 verba
1151 4028 1222 4074 non
1250 4009 1366 4076 onmia

395 4228 532 4280 servare
558 4208 671 4296 potuit
694 4205 803 4273 Poeta
826 4206 980 4275 latinus:
1006 4207 1088 4274 huic
1110 4227 1196 4294 opus
1220 4207 1298 4290 fuit,
1326 4213 1366 4274 ut

400 4409 499 4497 plura
520 4409 661 4496 quidem
686 4410 914 4504 subtraheret,
938 4412 1003 4479 alia
1024 4417 1140 4480 autern
1158 4413 1201 4479 de
1225 4433 1286 4480 suo
1305 4412 1366 4478 ad-
