3614 5636
705 838 748 848 ..
794 802 859 868 129
906 839 947 848 ..

342 1029 418 1096 Hoc
436 1047 514 1094 oum
538 1046 603 1113 per
621 1047 657 1093 se
676 1024 860 1094 verisimile
878 1047 949 1094 non
967 1029 1022 1110 sit,
1043 1030 1149 1095 verba
1171 1033 1317 1098 recentis

342 1224 446 1291 huius
466 1222 746 1290 commentatoris
765 1221 944 1290 referenda
957 1165 1120 1290 videntur
1138 1225 1181 1291 ad
1199 1232 1318 1293 vetus-

344 1422 469 1488 tiorem
490 1421 788 1516 commentarium,
810 1440 853 1487 ex
876 1440 945 1508 quo
961 1422 1105 1490 fortasse
1125 1423 1229 1490 etiam
1248 1423 1319 1490 Do·

344 1624 446 1686 natus
467 1619 592 1687 hausit.
613 1617 682 1732 Qui
702 1619 741 1702 si,
763 1620 856 1704 quod
869 1590 966 1688 nunc¹
976 1622 1069 1708 apud
1082 1621 1319 1709 Eugraphium

336 1866 338 1873 ·
352 1818 512 1908 legimur,
521 1821 687 1889 traditum
695 1822 839 1906 invenit,
851 1825 1038 1892 utomnino
1046 1823 1168 1892 Graeci
1177 1826 1320 1894 alicuius

344 2026 468 2106 poetae
482 1983 618 2088 'nomen
644 2019 801 2102 alierrel,⁴
818 2015 1067 2107 Apollodorum
1090 2025 1126 2090 in
1144 2044 1320 2093 commen-

346 2203 478 2287 tarium·
495 2221 652 2307 sumpsit,
676 2221 773 2306 quasi
792 2226 882 2288 esset
900 2241 970 2290 non
990 2223 1146 2306 dubium,
1167 2225 1203 2290 in
1222 2244 1322 2311 prae-

349 2423 477 2490 latione
496 2430 612 2491 autem
632 2444 705 2491 rem
724 2445 793 2492 non
811 2431 882 2492 tam
904 2432 1032 2492 certam
1052 2445 1126 2492 esse
1150 2424 1322 2514 significa-

350 2621 413 2688 vit.
430 2620 632 2709 Apollodori
651 2629 766 2690 autem
784 2643 913 2736 nomen
928 2624 1072 2692 fortasse
1089 2625 1155 2692 hoc
1170 2626 1273 2693 modo
1286 2627 1322 2692 in

348 2820 572 2887 vetustiorem
589 2819 687 2886 illum
706 2821 992 2889 commentarium
1009 2823 1156 2909 irrepsit.

396 2995 525 3086 Eorum
546 3019 680 3107 aliquis,
702 3022 762 3106 qui
780 3027 881 3089 antea
898 3022 1121 3090 commentati
1139 3027 1236 3088 erant
1255 3021 1318 3087 Te-

350 3221 452 3288 rentii
470 3220 614 3302 fabulas‚
630 3213 804 3306 Hecyram
816 3220 943 3307 populo
959 3240 1177 3308 nequaquam
1190 3226 1324 3307 gratam

349 3421 384 3482 et
402 3420 589 3501 spectatam
602 3415 646 3481 ad
664 3414 842 3519 clarissimi
854 3415 1035 3483 Menandri
1050 3416 1202 3483 fabulam
1213 3414 1324 3482 redire

350 3632 421 3679 non
436 3633 536 3700 posse
555 3620 735 3682 censuerat
752 3613 825 3698 (1);
847 3617 902 3682 cui
924 3616 1010 3682 alius
1029 3634 1109 3682 cum
1131 3613 1323 3694 assentiret,

386 3893 423 3963 (l)
439 3889 473 3946 ld
485 3904 520 3947 eo
533 3887 648 3946 facilius
658 3888 721 3944 fieri
730 3888 836 3961 potuit,
848 3889 931 3961 quod
940 3888 1089 3946 Terentius
1099 3902 1210 3944 nomen
1220 3890 1326 3944 Poetae

356 4032 484 4106 exempli
499 4032 597 4104 graeci
615 4030 646 4088 in
661 4034 790 4102 Hecyrae
804 4031 930 4104 prologo
949 4031 1077 4103 adjicere
1091 4045 1153 4087 non
1172 4030 1326 4098 debuerat,

352 4180 387 4231 ut
395 4177 459 4248 jam
474 4178 562 4233 antea
578 4175 608 4230 in
622 4173 945 4231 Heautontimorumeni
958 4173 1084 4246 prologo
1101 4187 1211 4229 nomen
1227 4174 1327 4228 aucto·

355 4321 394 4376 ris
414 4320 510 4390 graeci
530 4324 672 4388 tacuerat,
695 4319 766 4391 quia
785 4319 897 4376 fontem
919 4333 1059 4388 graecum
1078 4333 1096 4372 a
1115 4314 1329 4389 spectatoribus

358 4480 419 4522 non
434 4463 563 4536 ignorari
579 4478 756 4538 persuasum
771 4461 911 4520 habebat.

1126 4533 1146 4600 9
