3610 5632
775 800 993 864 ..33-

402 1095 416 1123 «
439 1033 537 1146 iisque
562 1072 638 1129 adeo
659 1072 735 1129 illius
759 1034 834 1128 firm
856 1087 981 1145 possum
1000 1033 1142 1145 iniuriam
1165 1077 1193 1129 et
1213 1031 1374 1142 magnifica

1231 1143 1345 1212 [uerba
1358 1163 1372 1193 »

790 1275 797 1317 1

406 1334 418 1364 a
446 1275 539 1372 v¹erba
564 1314 637 1370 dum
663 1314 742 1371 sint:
769 1331 874 1371 uerum
896 1315 1017 1371 enimsi
1039 1315 1078 1371 ad
1094 1330 1158 1371 rem
1176 1275 1374 1382 cinierentuu

1168 1397 1344 1508 [uzipulahit.
1361 1457 1375 1487 u

933 1567 1017 1639 (Eun.
1033 1584 1053 1626 v
1067 1583 1091 1624 s.
1109 1569 1160 1623 739
1175 1568 1254 1640 sqq.)

452 1835 537 1914 Quis
567 1839 684 1903 autem
714 1853 834 1902 omnes
864 1835 1005 1903 Thaidis
1035 1837 1262 1925 cogitationes
1292 1841 1381 1909 sicut

411 2039 563 2152 actiones
585 2057 628 2104 ex
643 2035 791 2104 utilitate
809 2055 944 2126 semper
964 2037 1114 2124 pendere
1136 2038 1295 2108 dubitet?
1320 2041 1381 2109 Et-

411 2246 504 2315 enim
524 2245 567 2312 ad
588 2244 715 2311 amieos
736 2241 902 2311 beneficio
927 2242 992 2310 sibi
1011 2243 1240 2313 conciliandos
1264 2265 1382 2313 euram

411 2470 482 2516 nen
499 2446 691 2535 improvide
710 2445 854 2528 conferi,
874 2452 1052 2513 uteorum
1070 2446 1180 2533 gratia
1198 2446 1280 2513 olim
1300 2465 1383 2514 con-

412 2645 507 2729 fidat,
525 2646 598 2712 sine
610 2644 714 2712 dubio
724 2643 826 2712 simul
837 2663 876 2712 ae
891 2643 1080 2712 Phaedriae
1095 2644 1234 2712 fortuna
1243 2645 1384 2712 omniuo

412 2849 543 2938 dilapsa
560 2849 647 2932 erit;
666 2849 716 2916 ita
734 2847 935 2936 Pamphilae
953 2848 1066 2916 vicem
1079 2848 1184 2933 dolet,
1205 2855 1387 2938 propterea

415 3038 509 3125 quod
528 3038 618 3104 hane
635 3037 834 3124 parentibus
858 3039 1002 3107 reddere
1024 3059 1151 3128 eosque
1176 3042 1300 3110 merito
1324 3061 1386 3109 suo

417 3239 707 3329 comprehendere
726 3259 797 3308 non
812 3239 885 3328 jam
903 3247 1027 3330 potest.

463 3417 494 3486 A
513 3417 696 3506 Pythiade‚
716 3418 814 3506 eujus
831 3417 1021 3488 Chaeream
1035 3419 1177 3486 audacia
1189 3424 1389 3507 promptum

419 3621 635 3690 formidantis
653 3623 690 3689 in
715 3621 819 3689 fidem
837 3641 899 3710 per
922 3621 1111 3689 ludibrium
1129 3621 1296 3708 confugit,
1319 3641 1391 3690 non

311 3815 316 3822 ’
419 3821 507 3888 falso
524 3821 725 3909 judicatur:

851 4173 866 4204 u
881 4113 981 4227 Nique
996 4152 1047 4226 pol
1062 4115 1245 4212 seruandim
1259 4154 1312 4213 tibi
1327 4176 1341 4206 »

482 4360 495 4387 α
512 4299 677 4410 Quicquitm
692 4338 763 4396 dare
779 4338 875 4395 ausim
889 4299 987 4411 niaque
1001 4343 1029 4396 te
1043 4355 1162 4397 seruare
1165 4362 1237 4397 .....

879 4474 960 4544 (Eun.
978 4489 997 4528 v
1011 4489 1035 4529 s,
1051 4477 1114 4530 903.
1130 4476 1203 4543 904.)

1241 4573 1262 4638 3
