3614 5636
791 779 1031 845 -118-

424 1024 506 1072 usus
529 1010 583 1072 est
601 1003 707 1070 verbo
735 1026 751 1064 ι(
773 1000 909 1071 dicitur.
934 1025 951 1065 n
971 1003 1129 1090 Denique
1149 1006 1242 1091 quod
1260 1006 1326 1073 loci
1348 1007 1398 1073 illi

423 1225 467 1274 ex
481 1202 691 1292 Apollodoro
710 1203 812 1291 positi
829 1210 911 1272 sunt
926 1203 963 1270 in
982 1202 1120 1291 Hecyra
1140 1223 1242 1272 exeo
1263 1209 1317 1273 est
1338 1205 1397 1273 de·

423 1403 642 1471 ducendum:
659 1402 798 1490 Hecyra
810 1423 830 1471 θ
842 1403 975 1471 duabus
986 1402 1123 1486 fabulis
1134 1424 1205 1471 una
1214 1404 1398 1472 Menandri

426 1557 510 1680 una¹
526 1611 739 1699 Apollodori,
771 1613 1003 1683 contaminata
1035 1633 1109 1682 esse
1132 1616 1244 1702 potuit
1267 1615 1327 1698 ita,
1360 1623 1400 1684 ut

427 1813 611 1882 Menandri
629 1814 805 1883 comoedia
817 1815 854 1882 in
871 1815 992 1903 primis
1007 1821 1098 1886 esset
1115 1836 1221 1903 quam
1239 1836 1399 1904 sequere-

427 2015 506 2094 tur3
528 2016 600 2094 aut,
619 2011 714 2097 quod
728 2012 839 2100 magis
858 2012 987 2082 arridet
1002 2033 1045 2081 ex
1059 2033 1166 2100 parvo
1184 2033 1330 2082 numero
1350 2014 1400 2081 oi·

428 2216 580 2280 talorum
599 2209 765 2295 locorum,
786 2211 968 2280 Terentius
986 2212 1140 2301 singulos
1160 2213 1306 2301 sumpsit
1323 2233 1402 2282 ver-

429 2433 488 2481 sus
500 2433 543 2480 ex
552 2411 774 2501 Apollodoro,
791 2413 886 2500 quod
898 2412 997 2481 aliter
1007 2433 1145 2500 quoque
1160 2413 1257 2481 abeo
1272 2413 1402 2481 iactum

429 2633 504 2682 esse
531 2614 688 2702 pluribus
718 2613 884 2701 exemplis
917 2620 1031 2701 potest
1058 2613 1286 2682 demonstrari
1317 2618 1353 2681 et
1383 2634 1404 2680 a

430 2812 673 2902 Koenighoffio
689 2835 706 2875 «
718 2814 761 2881 de
779 2813 911 2881 ratione
926 2818 991 2881 cet.
1013 2835 1029 2876 a
1050 2818 1103 2881 est
1114 2812 1400 2881 demonstratum.

430 3049 475 3061 -
489 2973 567 3080 'Sed
579 3031 658 3080 ecee
678 3010 744 3078 alia
762 3032 864 3099 porro
879 3011 1018 3120 ¹accedit
1037 3031 1092 3120 res
1110 3011 1152 3077 ad
1174 3010 1264 3077 hanc
1280 3029 1404 3096 quaes-

431 3215 561 3284 tionem
581 3213 808 3282 difficiliorem
826 3213 1062 3282 reddendam:
1085 3210 1248 3280 Sidonius
1271 3211 1405 3299 Apolli·

431 3420 523 3488 naris
554 3420 654 3509 epist.
684 3419 747 3487 IV.
779 3419 822 3486 12
852 3418 935 3486 dicit
963 3437 1012 3502 se,
1043 3418 1128 3485 dum
1151 3415 1243 3485 fflius
1275 3415 1406 3505 legeret

432 3619 619 3708 Hecyram,
645 3633 835 3705 Ἐπιτρέποντες
857 3618 1070 3687 comoediam
1092 3585 1277 3686 Menandri
1298 3637 1405 3685 manu

431 3813 596 3905 tenuisse,
624 3843 641 3884 (ι
661 3820 813 3888 labulam
830 3819 950 3887 similis
966 3820 1162 3907 argumenti
1180 3840 1249 3907 quo
1267 3820 1406 3887 absolu-

431 4024 500 4091 tius
520 4023 701 4109 rhythmos
720 4022 867 4090 comicos
887 4029 1100 4110 sequeretur.
1123 4046 1139 4086 n
1160 4021 1342 4090 Conclusio
1360 4044 1405 4092 ex

430 4224 496 4292 hac
512 4243 550 4291 re
568 4223 785 4310 inpromptu
807 4227 859 4290 est
882 4236 1072 4308 Ἐπιτρέποντες
1089 4221 1272 4290 Menandri
1298 4223 1406 4291 solam

432 4419 487 4487 vel
510 4439 677 4486 unacum
699 4417 899 4504 Apollodori
916 4416 1065 4503 quadam
1086 4417 1202 4484 fabula
1225 4437 1298 4492 esse
1321 4438 1403 4484 oon-
