3614 5636
804 833 844 843 -
891 793 957 862 122
1002 831 1044 842 -

442 1019 692 1108 Epitreponton
715 1018 909 1105 fragmenta
926 1016 1078 1084 Terentii
1099 1017 1235 1085 fabulae
1254 1018 1414 1107 adaptare

442 1223 585 1288 conatus
605 1222 658 1285 est
686 1217 734 1305 (p.
765 1218 832 1284 233
855 1213 958 1303 sqq.).
988 1213 1021 1279 3.
1046 1213 1134 1281 Tota
1157 1217 1270 1304 prima
1294 1235 1417 1286 scaena

444 1419 488 1486 ad
510 1418 701 1488 secundum
720 1417 831 1484 redire
854 1423 967 1504 potest
986 1421 1195 1508 exemplum,
1219 1421 1246 1488 si
1270 1428 1417 1508 utraque

445 1637 568 1706 graeca
578 1617 694 1686 fabula
704 1615 823 1684 similis
831 1622 905 1684 eret
916 1621 1112 1706 argumenti
1118 1639 1128 1704 ;
1142 1621 1419 1708 inprimaiabula

447 1835 569 1904 graeca
581 1821 658 1889 tum
675 1815 741 1883 alio
755 1817 858 1884 modo
873 1819 1070 1905 argumenti
1082 1819 1232 1887 narratio
1246 1819 1420 1908 proposita

446 2014 552 2082 fuisse
570 2016 752 2086 iudicanda
769 2022 832 2084 est.
853 2016 949 2084 Nihil
970 2019 1077 2106 igitur
1094 2019 1261 2107 impedire
1283 2020 1421 2088 videtur

448 2219 633 2304 quominus
662 2217 845 2286 Menandri
870 2219 1112 2308 Epitrepontes
1143 2220 1333 2291 secundum
1361 2221 1421 2288 ha-

451 2420 597 2489 beantur
616 2421 786 2494 Graecum
798 2421 995 2509 exemplum
1014 2421 1173 2511 Hecyrae
1183 2422 1419 2491 Terentianae.

451 2621 643 2710 Principale
657 2628 773 2694 autern
791 2623 967 2710 exemplar
981 2622 1124 2689 Latinae
1136 2623 1332 2692 comoediae
1349 2623 1424 2691 Me-

451 2826 575 2894 nandri
591 2826 745 2895 fabulam
763 2847 834 2895 non
851 2827 957 2897 fuisse
976 2833 1068 2896 recte
1086 2828 1244 2916 exposuit
1263 2828 1424 2896 Dziatzko
1454 2903 1459 2912 ,

454 3031 559 3117 (Mus,
582 3031 697 3101 Rhen.
718 3029 822 3100 XXI.
844 3029 869 3098 Ι.
889 3031 934 3116 c).
954 3031 1094 3101 Etenim
1107 3031 1243 3100 fabulae
1260 3030 1422 3136 Graecae,

455 3256 543 3324 quae
559 3236 710 3306 maxima
728 3255 771 3306 ex
792 3235 941 3323 partein
959 3235 1102 3303 latinam
1120 3236 1269 3319 transiit,
1290 3234 1425 3302 nullum

454 3435 519 3502 nisi
537 3434 676 3523 Hecyra
698 3454 890 3526 cognomen
908 3434 1014 3503 tuisse
1038 3438 1162 3522 potest.
1183 3433 1274 3499 Nam
1297 3431 1428 3500 Teren-

456 3635 869 3706 tiumceterisoomoediis
882 3636 952 3704 suis
965 3633 1149 3722 sumpsisse
1161 3634 1303 3701 nomina
1314 3653 1430 3701 exem·
1507 3655 1511 3662 ·

456 3837 594 3926 plorum
616 3837 857 3926 principalium
881 3836 1092 3905 Graecorum
1118 3853 1162 3900 ex
1187 3831 1337 3920 prologis
1364 3832 1429 3898 sci-

457 4059 546 4123 muS,
556 4044 592 4107 et
604 4037 851 4106 Phormionem
865 4057 939 4104 esse
951 4035 1058 4104 solam
1072 4032 1225 4100 tabulam
1237 4031 1293 4099 cui
1305 4051 1432 4098 nomen

458 4242 560 4325 potita
580 4237 778 4319 mutaverit,
802 4236 900 4304 testis
919 4240 971 4302 est
989 4233 1144 4300 Donatus
1162 4231 1199 4298 in
1222 4229 1433 4318 praefatione

459 4441 502 4508 ad
519 4439 776 4508 Phormionem.
799 4437 981 4510 Praeterea
995 4433 1099 4507 habet
1111 4433 1226 4504 codex
1246 4430 1434 4510 Bembinus
