3614 5636
832 769 1070 834 -116-

465 995 643 1086 parallelos
660 1013 704 1061 ex
723 991 944 1079 Apollodoro.
967 991 1084 1057 Verba
1103 991 1229 1060 Donati
1247 993 1283 1059 in
1303 997 1400 1082 praef
1421 1033 1438 1043 -

464 1199 557 1265 tione
582 1218 599 1256 ι(
623 1214 697 1262 esse
720 1194 845 1262 dieitur
868 1217 885 1256 »
910 1195 994 1262 item
1015 1195 1051 1260 in
1075 1195 1171 1263 exitu
1191 1196 1282 1263 vitae
1309 1196 1436 1266 Sueto·

463 1397 585 1464 nianae
595 1397 638 1464 ab
651 1397 725 1484 ipso
740 1397 856 1466 addito
875 1417 883 1465 :
906 1421 921 1460 α
943 1400 1032 1466 duae
1044 1399 1087 1466 ab
1099 1399 1309 1487 Apollodoro
1322 1407 1435 1471 trans-

462 1596 550 1664 latae
569 1617 643 1666 esse
662 1598 825 1666 dicuntur
836 1600 966 1668 oomioo
986 1623 1003 1662 o
1022 1602 1102 1668 satis
1121 1601 1358 1672 demonstrant
1364 1605 1436 1692 jam
1502 1589 1506 1600 ’

462 1795 588 1863 Donati
609 1803 764 1884 tempore
784 1816 857 1864 non
881 1799 1072 1867 constitisse
1096 1820 1255 1887 graecam
1282 1802 1433 1870 fabulam

422 2013 426 2022 ·
461 2014 574 2081 neque
590 1996 627 2062 in
645 1995 805 2066 manibus
824 2001 879 2068 vel
899 2003 1040 2069 omnino
1058 2009 1177 2071 notam
1194 2004 1310 2074 fuisse.
1339 2005 1434 2073 Haeo

462 2192 578 2259 omnia
598 2197 680 2261 sunt
702 2192 921 2262 affirmationi
943 2199 1132 2266 sententiae
1154 2222 1251 2268 meae
1275 2221 1432 2290 graecam

460 2392 613 2459 fabulam
633 2399 751 2481 postea
778 2419 852 2466 esse
877 2400 1057 2486 adjectam,
1088 2422 1169 2468 nam
1195 2401 1224 2468 si
1248 2403 1364 2469 statim
1389 2402 1432 2469 ab

460 2599 559 2667 initio
585 2600 707 2668 luisset
730 2599 767 2664 in
792 2599 910 2686 primis
935 2599 1138 2683 didascaliis,
1164 2601 1275 2667 omnis
1294 2599 1432 2668 exclusa

459 2807 532 2867 erat
549 2799 728 2868 dubitatio.
750 2796 867 2874 Quum
889 2814 971 2866 vero
991 2801 1207 2887 grammatici
1229 2808 1433 2889 reoeperunt

458 2999 657 3066 didascalias
682 3000 718 3065 in
740 2999 845 3066 libros
868 3020 947 3066 suos
969 3000 1201 3084 didascalicos
1228 3001 1301 3068 sine
1326 3002 1431 3070 dubio

457 3200 561 3267 etiam
581 3200 849 3288 exploraverunt
868 3220 1027 3288 graecam
1051 3200 1205 3268 fabulam
1228 3203 1261 3288 (e
1287 3201 1429 3290 prologo

457 3399 561 3481 enim,
585 3398 645 3465 ubi
663 3379 737 3466 erat
755 3399 856 3466 allata
873 3398 1106 3487 probabiliter,
1127 3421 1263 3468 sumere
1277 3421 1347 3468 non
1366 3421 1428 3488 po-

357 3645 359 3650 ,
454 3609 610 3684 tuerunt,
626 3623 735 3690 quum
755 3604 886 3691 primus
899 3602 956 3670 ille
970 3603 1132 3690 prologus
1151 3606 1241 3670 esset
1256 3602 1427 3689 intercep-

454 3802 525 3886 tus)
543 3808 578 3870 et
594 3802 811 3869 addiderunt.
837 3802 888 3868 De
906 3803 1097 3870 mutatione
1113 3802 1263 3869 nominis
1286 3800 1426 3869 omnino
1522 3837 1528 3850 ·

454 4021 524 4068 non
531 4008 645 4088 potest
655 4001 797 4090 cogitari
805 4019 815 4084 ;
832 4001 1002 4069 exstitisse
1008 3979 1161 4068 fabulam
1173 4021 1283 4068 novae
1290 4019 1426 4069 comoe-

453 4201 529 4266 diae
557 4201 696 4268 nomine
727 4217 821 4288 ‘natea
846 4220 985 4268 neeesse
1010 4204 1074 4282 est,
1100 4218 1213 4286 neque
1241 4199 1310 4266 ulla
1333 4199 1426 4268 valet

452 4418 554 4467 causa
579 4419 641 4465 our
667 4399 725 4466 alii
753 4420 857 4487 quam
884 4398 1076 4466 Menandro
1105 4397 1320 4483 adjudicetur
1339 4397 1424 4466 haer
