3614 5636
772 855 812 866 ..
858 819 903 885 89
946 853 991 868 ..

396 1039 584 1124 minantur,
610 1040 757 1128 patriam
783 1059 819 1106 se
843 1039 1051 1122 deserturos
1080 1043 1119 1105 at
1145 1039 1283 1106 amicae
1311 1059 1368 1106 se-

397 1246 572 1331 quantur.
596 1266 612 1306 »
635 1243 744 1332 Atqui
757 1244 794 1311 in
812 1244 934 1312 ceteris
951 1243 1136 1312 comoediis
1153 1240 1368 1312 Terentianis

395 1440 549 1510 infelices
566 1448 735 1512 amatores
753 1461 934 1530 nunquam
951 1443 996 1510 ob
1014 1461 1092 1510 eam
1110 1451 1249 1510 eausam
1266 1442 1369 1509 domo

398 1643 567 1731 emigrare
590 1643 794 1732 cogitavisse
815 1640 1008 1714 notandum
1027 1647 1090 1714 est.
1112 1644 1164 1713 Ita
1185 1643 1367 1728 Charinus,

398 1841 625 1912 Philumenae
641 1853 757 1912 amore
769 1845 980 1934 deperditus,
994 1845 1227 1934 Pamphilum,
1242 1845 1371 1913 siiorte

397 2043 429 2110 ei
452 2043 584 2112 aooidat
601 2048 642 2112 ut
665 2043 709 2111 od
725 2042 820 2110 illam
840 2061 985 2113 uxorem
1002 2044 1196 2114 ducendam
1214 2048 1369 2132 eogatur,

397 2249 464 2317 hoe
482 2269 593 2318 unum
608 2253 708 2337 rogat
728 2267 736 2313 :

481 2592 824 2667 (tuamensem.)
970 2631 1023 2650 .....
1026 2591 1135 2650 sartam
1149 2552 1370 2665 auqudtdies»

504 2753 614 2861 Prdfer,
628 2789 703 2848 dum
718 2751 892 2864 profielsoor
904 2789 1017 2864 aliquo,
1031 2750 1070 2848 ne}
1083 2788 1251 2848 uideam...
1269 2805 1282 2841 a

444 3069 556 3142 Clinia
573 3070 694 3161 procul
709 3091 730 3138 a
746 3089 809 3139 sua
825 3068 1005 3159 Antiphila

541 3421 577 3478 ln
590 3381 688 3478 daiam
705 3419 744 3478 ad
755 3434 855 3494 regem
869 3379 1028 3477 militatum
1042 3378 1171 3475 abila...
1188 3437 1202 3468 »

809 3562 1002 3636 (Haemoniam.
1018 3577 1038 3618 v
1053 3577 1077 3618 s.
1096 3559 1167 3632 lli.)

447 3863 544 3942 Quae
560 3862 711 3930 maxima
727 3859 893 3949 propositi
903 3854 1145 3938 dissimilitudo
1157 3852 1375 3941 Koeniglroi-

403 4067 489 4136 fium
514 4065 647 4149 fefellit,
674 4061 812 4150 quando
837 4058 1111 4150 interpretationi
1139 4079 1156 4119 «
1180 4060 1219 4125 ut
1236 4054 1375 4124 amicae

402 4272 607 4358 sequantur
632 4290 648 4331 u
671 4271 809 4335 tantum
831 4263 963 4331 addidit
976 4283 1018 4350 xp.
1042 4262 1084 4330 21
1109 4279 1116 4327 :
1139 4281 1156 4322 α
1176 4259 1216 4326 Id
1234 4257 1375 4347 quidem

345 4463 347 4466 ’
404 4469 602 4542 observavit
615 4467 797 4537 Terentius
814 4466 867 4534 his
888 4483 1027 4554 quoque
1046 4462 1128 4531 loeis
1149 4479 1157 4526 :
1182 4459 1306 4528 Andr.
1329 4456 1373 4526 lle
