3610 5632
836 823 877 838 ..
923 789 967 856 30
1013 791 1061 837 ..·

460 1015 628 1088 AEsohino
642 1017 805 1088 derelicta
815 1021 1016 1108 pemutitur.
1031 1017 1183 1090 Tantum
1196 1018 1281 1088 furit
1292 1024 1331 1088 ut
1342 1016 1431 1085 hane

461 1219 622 1305 injuriam
652 1221 745 1308 ipse,
778 1221 917 1292 nemine
948 1220 1152 1308 adjuvante,
1184 1222 1364 1308 persequi,
1397 1227 1433 1289 et

462 1433 597 1518 patrem
625 1426 825 1517 Syrumque
856 1435 892 1498 et
922 1449 1065 1499 saevum
1093 1427 1357 1512 adolescentem,
1389 1383 1434 1494 ne

461 1628 583 1713 multa,
600 1649 720 1700 omnes
738 1631 829 1700 eirca
848 1631 959 1701 seelus
981 1631 1175 1701 interficere
1194 1630 1288 1700 velit.
1316 1628 1434 1699 Vehe-

462 1837 599 1902 menter
625 1838 818 1902 oommotus
848 1831 1041 1904 Sostratam
1070 1833 1115 1902 de
1142 1838 1232 1904 tetra
1258 1851 1296 1900 re
1320 1778 1432 1902 dooet.

462 2031 600 2111 Quanta
617 2040 695 2104 tum
713 2034 770 2104 ille
788 2034 921 2104 oonsilii
940 2035 1056 2124 inopia
1073 2033 1232 2118 afficitur,
1251 2035 1322 2122 qui,
1343 2039 1437 2122 post·

463 2238 734 2326 quamprimum
744 2239 889 2348 nutriois
907 2205 950 2309 de
961 2207 1096 2328 puellae
1115 2238 1253 2308 miseria
1262 2166 1436 2354 silentium

464 2439 640 2510 suadentis
659 2442 864 2512 sententiam
879 2448 1018 2511 secutus
1035 2450 1120 2526 erat,
1141 2441 1222 2511 dein
1238 2441 1342 2510 herae
1356 2463 1438 2511 suae

465 2642 508 2711 de
524 2660 616 2711 noxa
632 2644 732 2731 queri
752 2649 788 2714 et
805 2644 1042 2732 quaestionem
1064 2643 1169 2712 etiam
1185 2643 1223 2713 in
1242 2643 1438 2712 vitiatorem

466 2857 627 2908 exercere
649 2844 788 2927 paratae
818 2838 998 2908 coneedit!
1022 2817 1199 2908 Terribilis
1222 2838 1329 2908 Getae
1348 2838 1439 2907 indi-

466 3038 598 3125 gnatio,
620 3038 650 3108 si
666 3039 778 3124 nobie,
798 3060 885 3128 quos
901 3059 997 3108 nuno
1012 3039 1167 3128 ejusdem
1184 3039 1354 3108 dubitatio
1368 3057 1440 3106 non
1539 3066 1546 3078 ·

467 3241 567 3327 fallit,
577 3243 693 3331 jocosa
711 3243 860 3328 videtur,
875 3243 1029 3331 profecto
1045 3242 1252 3346 laudabilem
1265 3241 1441 3312 Sostratae

467 3455 504 3519 et
523 3446 725 3538 Pamphilae
743 3448 921 3517 caritatem
940 3447 1102 3546 declarat.
1127 3446 1210 3533 Sed,
1230 3448 1311 3535 quia
1331 3448 1442 3518 multo

469 3649 598 3734 labore,
632 3657 671 3720 ut
698 3651 741 3719 ab
767 3651 925 3740 Hegione
954 3650 1103 3719 Demeae
1130 3656 1301 3734 narratur,
1333 3654 1442 3720 totam

469 3873 560 3922 unus
567 3852 732 3921 familiam
745 3853 807 3920 alit
815 3860 851 3920 et
859 3853 1018 3936 sustinet,
1032 3852 1139 3941 pluris
1151 3871 1256 3939 quam
1271 3850 1442 3919 Parmeno

470 4061 506 4126 et
524 4053 623 4124 Sosia
640 4056 874 4125 aestimandus
888 4063 952 4124 est.
