<?xml version="1.0" encoding="UTF-8"?>
<!DOCTYPE html PUBLIC "-//W3C//DTD XHTML 1.0 Transitional//EN"
    "http://www.w3.org/TR/xhtml1/DTD/xhtml1-transitional.dtd">
<html xmlns="http://www.w3.org/1999/xhtml" xml:lang="en" lang="en">
 <head>
  <title>
</title>
<meta http-equiv="Content-Type" content="text/html;charset=utf-8" />
  <meta name='ocr-system' content='tesseract 3.04.00' />
  <meta name='ocr-capabilities' content='ocr_page ocr_carea ocr_par ocr_line ocrx_word'/>
</head>
<body>
  <div class='ocr_page' id='page_1' title='image "./quomodomenandru00vallgoog_0014.png"; bbox 0 0 3610 5632; ppageno 0'>
   <div class='ocr_carea' id='block_1_1' title="bbox 672 806 948 869">
    <p class='ocr_par' dir='ltr' id='par_1_1' title="bbox 672 806 948 869">
     <span class='ocr_line' id='line_1_1' title="bbox 672 806 948 869; baseline -0.007 -43"><span class='ocrx_word' id='word_1_1' title='bbox 672 806 948 869; x_wconf 90' lang='lat'><strong>·-3-</strong></span> 
     </span>
    </p>
   </div>
   <div class='ocr_carea' id='block_1_2' title="bbox 294 1021 1340 3565">
    <p class='ocr_par' dir='ltr' id='par_1_2' title="bbox 294 1021 1338 1522">
     <span class='ocr_line' id='line_1_2' title="bbox 294 1021 1337 1120; baseline 0 -19"><span class='ocrx_word' id='word_1_2' title='bbox 294 1021 296 1026; x_wconf 40' lang='lat'><strong>¹</strong></span> <span class='ocrx_word' id='word_1_3' title='bbox 365 1034 532 1116; x_wconf 88' lang='lat' dir='ltr'>adscribo,</span> <span class='ocrx_word' id='word_1_4' title='bbox 551 1033 650 1119; x_wconf 87' lang='lat' dir='ltr'>juxta</span> <span class='ocrx_word' id='word_1_5' title='bbox 673 1029 849 1120; x_wconf 76' lang='lat' dir='ltr'>probabile</span> <span class='ocrx_word' id='word_1_6' title='bbox 869 1031 1035 1117; x_wconf 90' lang='lat' dir='ltr'>judicium</span> <span class='ocrx_word' id='word_1_7' title='bbox 1059 1031 1152 1120; x_wconf 92' lang='lat' dir='ltr'>quod</span> <span class='ocrx_word' id='word_1_8' title='bbox 1172 1035 1215 1101; x_wconf 91' lang='lat' dir='ltr'>de</span> <span class='ocrx_word' id='word_1_9' title='bbox 1234 1055 1273 1101; x_wconf 88' lang='lat' dir='ltr'>ea</span> <span class='ocrx_word' id='word_1_10' title='bbox 1300 1055 1337 1100; x_wconf 90' lang='lat' dir='ltr'>re</span> 
     </span>
     <span class='ocr_line' id='line_1_3' title="bbox 363 1233 1337 1324; baseline -0.002 -18"><span class='ocrx_word' id='word_1_11' title='bbox 363 1241 520 1306; x_wconf 82' lang='lat' dir='ltr'>fecerunt</span> <span class='ocrx_word' id='word_1_12' title='bbox 554 1235 717 1304; x_wconf 80' lang='lat' dir='ltr'>Alfredus</span> <span class='ocrx_word' id='word_1_13' title='bbox 752 1235 845 1304; x_wconf 87' lang='lat' dir='ltr'>Kohl</span> <span class='ocrx_word' id='word_1_14' title='bbox 881 1241 916 1302; x_wconf 88' lang='lat' dir='ltr'>et</span> <span class='ocrx_word' id='word_1_15' title='bbox 949 1235 1106 1322; x_wconf 86' lang='lat' dir='ltr'>inprimis</span> <span class='ocrx_word' id='word_1_16' title='bbox 1143 1233 1337 1324; x_wconf 84' lang='lat' dir='ltr'>Leopoldus</span> 
     </span>
     <span class='ocr_line' id='line_1_4' title="bbox 366 1436 1338 1522; baseline 0 -14"><span class='ocrx_word' id='word_1_17' title='bbox 366 1441 544 1508; x_wconf 76' lang='lat' dir='ltr'>Arminius</span> <span class='ocrx_word' id='word_1_18' title='bbox 564 1439 706 1506; x_wconf 83' lang='lat' dir='ltr'>Fischer</span> <span class='ocrx_word' id='word_1_19' title='bbox 723 1438 784 1522; x_wconf 87' lang='lat'><strong>(1).</strong></span> <span class='ocrx_word' id='word_1_20' title='bbox 805 1436 906 1505; x_wconf 90' lang='lat' dir='ltr'>Unus</span> <span class='ocrx_word' id='word_1_21' title='bbox 924 1437 1017 1504; x_wconf 90' lang='lat' dir='ltr'>enim</span> <span class='ocrx_word' id='word_1_22' title='bbox 1037 1461 1053 1500; x_wconf 75' lang='grc' dir='ltr'>α</span> <span class='ocrx_word' id='word_1_23' title='bbox 1075 1438 1207 1507; x_wconf 86' lang='lat' dir='ltr'>nullam</span> <span class='ocrx_word' id='word_1_24' title='bbox 1223 1441 1338 1509; x_wconf 85' lang='lat' dir='ltr'>valere</span> 
     </span>
    </p>

    <p class='ocr_par' dir='ltr' id='par_1_3' title="bbox 320 1617 1340 3143">
     <span class='ocr_line' id='line_1_5' title="bbox 320 1617 1338 1729; baseline 0.002 -18"><span class='ocrx_word' id='word_1_25' title='bbox 320 1617 322 1622; x_wconf 32' lang='lat'>⁵</span> <span class='ocrx_word' id='word_1_26' title='bbox 362 1663 501 1711; x_wconf 87' lang='lat' dir='ltr'>causam</span> <span class='ocrx_word' id='word_1_27' title='bbox 521 1663 583 1710; x_wconf 93' lang='lat' dir='ltr'>cur</span> <span class='ocrx_word' id='word_1_28' title='bbox 603 1641 661 1708; x_wconf 89' lang='lat' dir='ltr'>alii</span> <span class='ocrx_word' id='word_1_29' title='bbox 676 1661 781 1729; x_wconf 86' lang='lat' dir='ltr'>quam</span> <span class='ocrx_word' id='word_1_30' title='bbox 804 1639 997 1707; x_wconf 82' lang='lat' dir='ltr'>Menandro</span> <span class='ocrx_word' id='word_1_31' title='bbox 1019 1638 1234 1727; x_wconf 68' lang='lat' dir='ltr'>adjudicetur</span> <span class='ocrx_word' id='word_1_32' title='bbox 1253 1643 1338 1713; x_wconf 89' lang='lat' dir='ltr'>haec</span> 
     </span>
     <span class='ocr_line' id='line_1_6' title="bbox 365 1823 1339 1938; baseline 0.004 -22"><span class='ocrx_word' id='word_1_33' title='bbox 365 1848 480 1917; x_wconf 83' lang='lat' dir='ltr'>fabula</span> <span class='ocrx_word' id='word_1_34' title='bbox 513 1873 529 1911; x_wconf 90' lang='lat'>»</span> <span class='ocrx_word' id='word_1_35' title='bbox 561 1869 631 1915; x_wconf 94' lang='lat' dir='ltr'>non</span> <span class='ocrx_word' id='word_1_36' title='bbox 667 1846 839 1914; x_wconf 90' lang='lat' dir='ltr'>immerito</span> <span class='ocrx_word' id='word_1_37' title='bbox 873 1846 1064 1930; x_wconf 86' lang='lat' dir='ltr'>existimat,</span> <span class='ocrx_word' id='word_1_38' title='bbox 1104 1823 1139 1918; x_wconf 84' lang='lat' dir='ltr'>et</span> <span class='ocrx_word' id='word_1_39' title='bbox 1169 1850 1339 1938; x_wconf 90' lang='lat' dir='ltr'>pellucida</span> 
     </span>
     <span class='ocr_line' id='line_1_7' title="bbox 365 2048 1337 2138; baseline 0.004 -20"><span class='ocrx_word' id='word_1_40' title='bbox 365 2051 590 2138; x_wconf 80' lang='lat' dir='ltr'>explicatione</span> <span class='ocrx_word' id='word_1_41' title='bbox 610 2049 684 2116; x_wconf 88' lang='lat' dir='ltr'>fieri</span> <span class='ocrx_word' id='word_1_42' title='bbox 703 2067 802 2136; x_wconf 88' lang='lat' dir='ltr'>posse</span> <span class='ocrx_word' id='word_1_43' title='bbox 820 2048 970 2116; x_wconf 79' lang='lat' dir='ltr'>ostendit</span> <span class='ocrx_word' id='word_1_44' title='bbox 990 2057 1029 2117; x_wconf 93' lang='lat' dir='ltr'>ut</span> <span class='ocrx_word' id='word_1_45' title='bbox 1044 2049 1250 2120; x_wconf 88' lang='lat' dir='ltr'>Terentiana</span> <span class='ocrx_word' id='word_1_46' title='bbox 1265 2053 1337 2122; x_wconf 90' lang='lat' dir='ltr'>He-</span> 
     </span>
     <span class='ocr_line' id='line_1_8' title="bbox 365 2251 1338 2350; baseline 0.011 -30"><span class='ocrx_word' id='word_1_47' title='bbox 365 2275 447 2342; x_wconf 83' lang='lat' dir='ltr'>cyra</span> <span class='ocrx_word' id='word_1_48' title='bbox 468 2253 609 2322; x_wconf 88' lang='lat' dir='ltr'>omnino</span> <span class='ocrx_word' id='word_1_49' title='bbox 629 2274 672 2320; x_wconf 84' lang='lat' dir='ltr'>ex</span> <span class='ocrx_word' id='word_1_50' title='bbox 695 2273 764 2320; x_wconf 90' lang='lat' dir='ltr'>una</span> <span class='ocrx_word' id='word_1_51' title='bbox 783 2251 966 2320; x_wconf 86' lang='lat' dir='ltr'>Menandri</span> <span class='ocrx_word' id='word_1_52' title='bbox 985 2254 1113 2339; x_wconf 84' lang='lat' dir='ltr'>fabula,</span> <span class='ocrx_word' id='word_1_53' title='bbox 1132 2275 1220 2344; x_wconf 86' lang='lat' dir='ltr'>quae</span> <span class='ocrx_word' id='word_1_54' title='bbox 1237 2270 1338 2350; x_wconf 64' lang='lat' dir='ltr'>‘nuspa</span> 
     </span>
     <span class='ocr_line' id='line_1_9' title="bbox 368 2449 1336 2532; baseline 0.01 -15"><span class='ocrx_word' id='word_1_55' title='bbox 368 2450 558 2532; x_wconf 86' lang='lat' dir='ltr'>dicebatur,</span> <span class='ocrx_word' id='word_1_56' title='bbox 577 2449 742 2518; x_wconf 89' lang='lat' dir='ltr'>translata</span> <span class='ocrx_word' id='word_1_57' title='bbox 759 2450 814 2519; x_wconf 92' lang='lat' dir='ltr'>sit.</span> <span class='ocrx_word' id='word_1_58' title='bbox 835 2449 936 2519; x_wconf 90' lang='lat' dir='ltr'>Alter</span> <span class='ocrx_word' id='word_1_59' title='bbox 946 2452 1141 2521; x_wconf 88' lang='lat' dir='ltr'>adversaria</span> <span class='ocrx_word' id='word_1_60' title='bbox 1159 2455 1336 2527; x_wconf 88' lang='lat' dir='ltr'>Ritschelii</span> 
     </span>
     <span class='ocr_line' id='line_1_10' title="bbox 365 2659 1338 2748; baseline 0.007 -20"><span class='ocrx_word' id='word_1_61' title='bbox 365 2667 401 2729; x_wconf 89' lang='lat' dir='ltr'>et</span> <span class='ocrx_word' id='word_1_62' title='bbox 420 2660 636 2730; x_wconf 86' lang='lat' dir='ltr'>Dziatakonis</span> <span class='ocrx_word' id='word_1_63' title='bbox 655 2665 825 2742; x_wconf 86' lang='lat' dir='ltr'>evertens,</span> <span class='ocrx_word' id='word_1_64' title='bbox 846 2659 1021 2748; x_wconf 86' lang='lat' dir='ltr'>Hecyram</span> <span class='ocrx_word' id='word_1_65' title='bbox 1037 2667 1147 2730; x_wconf 90' lang='lat' dir='ltr'>totam</span> <span class='ocrx_word' id='word_1_66' title='bbox 1170 2683 1245 2732; x_wconf 89' lang='lat' dir='ltr'>esse</span> <span class='ocrx_word' id='word_1_67' title='bbox 1263 2663 1338 2735; x_wconf 89' lang='lat' dir='ltr'>Me-</span> 
     </span>
     <span class='ocr_line' id='line_1_11' title="bbox 366 2862 1338 2954; baseline 0.006 -24"><span class='ocrx_word' id='word_1_68' title='bbox 366 2865 488 2931; x_wconf 88' lang='lat' dir='ltr'>nandri</span> <span class='ocrx_word' id='word_1_69' title='bbox 509 2863 693 2951; x_wconf 90' lang='lat' dir='ltr'>conspicua</span> <span class='ocrx_word' id='word_1_70' title='bbox 707 2862 965 2930; x_wconf 79' lang='lat' dir='ltr'>ratiocinatione</span> <span class='ocrx_word' id='word_1_71' title='bbox 976 2863 1110 2952; x_wconf 84' lang='lat' dir='ltr'>probat,</span> <span class='ocrx_word' id='word_1_72' title='bbox 1128 2885 1233 2954; x_wconf 92' lang='lat' dir='ltr'>quam</span> <span class='ocrx_word' id='word_1_73' title='bbox 1252 2870 1338 2936; x_wconf 89' lang='lat' dir='ltr'>vali-</span> 
     </span>
     <span class='ocr_line' id='line_1_12' title="bbox 367 3067 1340 3143; baseline 0.006 -6"><span class='ocrx_word' id='word_1_74' title='bbox 367 3069 499 3137; x_wconf 91' lang='lat' dir='ltr'>diorem</span> <span class='ocrx_word' id='word_1_75' title='bbox 517 3068 565 3136; x_wconf 92' lang='lat' dir='ltr'>ita</span> <span class='ocrx_word' id='word_1_76' title='bbox 582 3068 664 3136; x_wconf 88' lang='lat' dir='ltr'>facit</span> <span class='ocrx_word' id='word_1_77' title='bbox 681 3087 688 3133; x_wconf 93' lang='lat'><strong>:</strong></span> <span class='ocrx_word' id='word_1_78' title='bbox 707 3091 724 3130; x_wconf 82' lang='lat' dir='ltr'>u</span> <span class='ocrx_word' id='word_1_79' title='bbox 740 3067 947 3137; x_wconf 88' lang='lat' dir='ltr'>Confirmari</span> <span class='ocrx_word' id='word_1_80' title='bbox 961 3076 1076 3138; x_wconf 88' lang='lat' dir='ltr'>autem</span> <span class='ocrx_word' id='word_1_81' title='bbox 1100 3072 1186 3140; x_wconf 90' lang='lat' dir='ltr'>mihi</span> <span class='ocrx_word' id='word_1_82' title='bbox 1202 3074 1340 3143; x_wconf 87' lang='lat' dir='ltr'>videtur</span> 
     </span>
    </p>

    <p class='ocr_par' dir='ltr' id='par_1_4' title="bbox 320 3271 1338 3565">
     <span class='ocr_line' id='line_1_13' title="bbox 320 3271 1338 3361; baseline 0.009 -24"><span class='ocrx_word' id='word_1_83' title='bbox 320 3349 327 3361; x_wconf 26' lang='lat'><em>¹</em></span> <span class='ocrx_word' id='word_1_84' title='bbox 366 3271 564 3357; x_wconf 85' lang='lat' dir='ltr'>conjectura</span> <span class='ocrx_word' id='word_1_85' title='bbox 593 3291 671 3339; x_wconf 89' lang='lat' dir='ltr'>mea</span> <span class='ocrx_word' id='word_1_86' title='bbox 695 3291 871 3356; x_wconf 84' lang='lat' dir='ltr'>sannone,</span> <span class='ocrx_word' id='word_1_87' title='bbox 902 3293 971 3361; x_wconf 93' lang='lat' dir='ltr'>quo</span> <span class='ocrx_word' id='word_1_88' title='bbox 1002 3295 1084 3344; x_wconf 89' lang='lat' dir='ltr'>usus</span> <span class='ocrx_word' id='word_1_89' title='bbox 1121 3284 1174 3345; x_wconf 87' lang='lat' dir='ltr'>est</span> <span class='ocrx_word' id='word_1_90' title='bbox 1207 3277 1338 3346; x_wconf 88' lang='lat' dir='ltr'>Teren-</span> 
     </span>
     <span class='ocr_line' id='line_1_14' title="bbox 365 3474 1336 3565; baseline 0.005 -23"><span class='ocrx_word' id='word_1_91' title='bbox 365 3476 434 3543; x_wconf 88' lang='lat' dir='ltr'>tius</span> <span class='ocrx_word' id='word_1_92' title='bbox 464 3474 501 3543; x_wconf 93' lang='lat' dir='ltr'>in</span> <span class='ocrx_word' id='word_1_93' title='bbox 531 3474 681 3563; x_wconf 90' lang='lat' dir='ltr'>Hecyra.</span> <span class='ocrx_word' id='word_1_94' title='bbox 716 3474 796 3543; x_wconf 93' lang='lat' dir='ltr'>Non</span> <span class='ocrx_word' id='word_1_95' title='bbox 822 3476 916 3544; x_wconf 91' lang='lat' dir='ltr'>enim</span> <span class='ocrx_word' id='word_1_96' title='bbox 933 3475 1143 3565; x_wconf 88' lang='lat' dir='ltr'>discrepata</span> <span class='ocrx_word' id='word_1_97' title='bbox 1166 3498 1336 3564; x_wconf 88' lang='lat' dir='ltr'>sermone,</span> 
     </span>
    </p>
   </div>
   <div class='ocr_carea' id='block_1_3' title="bbox 369 3680 1340 3772">
    <p class='ocr_par' dir='ltr' id='par_1_5' title="bbox 369 3680 1340 3772">
     <span class='ocr_line' id='line_1_15' title="bbox 369 3680 1340 3772; baseline 0.005 -25"><span class='ocrx_word' id='word_1_98' title='bbox 369 3681 430 3767; x_wconf 92' lang='lat' dir='ltr'>qui</span> <span class='ocrx_word' id='word_1_99' title='bbox 441 3680 617 3748; x_wconf 90' lang='lat' dir='ltr'>invenitur</span> <span class='ocrx_word' id='word_1_100' title='bbox 630 3680 667 3748; x_wconf 90' lang='lat' dir='ltr'>in</span> <span class='ocrx_word' id='word_1_101' title='bbox 681 3680 824 3764; x_wconf 81' lang='lat' dir='ltr'>Andria,</span> <span class='ocrx_word' id='word_1_102' title='bbox 845 3701 926 3748; x_wconf 91' lang='lat' dir='ltr'>cum</span> <span class='ocrx_word' id='word_1_103' title='bbox 944 3682 981 3749; x_wconf 93' lang='lat' dir='ltr'>in</span> <span class='ocrx_word' id='word_1_104' title='bbox 999 3681 1221 3766; x_wconf 90' lang='lat' dir='ltr'>Phormione,</span> <span class='ocrx_word' id='word_1_105' title='bbox 1242 3685 1340 3772; x_wconf 87' lang='lat' dir='ltr'>cujus</span> 
     </span>
    </p>
   </div>
   <div class='ocr_carea' id='block_1_4' title="bbox 367 3851 1340 3979">
    <p class='ocr_par' dir='ltr' id='par_1_6' title="bbox 367 3851 1340 3979">
     <span class='ocr_line' id='line_1_16' title="bbox 367 3851 1340 3979; baseline 0.01 -28"><span class='ocrx_word' id='word_1_106' title='bbox 367 3887 565 3974; x_wconf 76' lang='lat' dir='ltr'>exempum</span> <span class='ocrx_word' id='word_1_107' title='bbox 577 3886 779 3975; x_wconf 63' lang='lat' dir='ltr'>Apollodori·</span> <span class='ocrx_word' id='word_1_108' title='bbox 791 3889 941 3979; x_wconf 74' lang='lat' dir='ltr'>oaryscr</span> <span class='ocrx_word' id='word_1_109' title='bbox 954 3899 1007 3961; x_wconf 72' lang='lat' dir='ltr'>est</span> <span class='ocrx_word' id='word_1_110' title='bbox 1020 3893 1147 3978; x_wconf 81' lang='lat' dir='ltr'>rabula,</span> <span class='ocrx_word' id='word_1_111' title='bbox 1167 3851 1340 3963; x_wconf 77' lang='lat' dir='ltr'>dissimilis</span> 
     </span>
    </p>
   </div>
   <div class='ocr_carea' id='block_1_5' title="bbox 367 4089 1341 4183">
    <p class='ocr_par' dir='ltr' id='par_1_7' title="bbox 367 4089 1341 4183">
     <span class='ocr_line' id='line_1_17' title="bbox 367 4089 1341 4183; baseline 0.011 -29"><span class='ocrx_word' id='word_1_112' title='bbox 367 4089 475 4156; x_wconf 88' lang='lat' dir='ltr'>oratio</span> <span class='ocrx_word' id='word_1_113' title='bbox 502 4110 542 4158; x_wconf 92' lang='lat' dir='ltr'>ac</span> <span class='ocrx_word' id='word_1_114' title='bbox 564 4090 662 4159; x_wconf 92' lang='lat' dir='ltr'>stilus</span> <span class='ocrx_word' id='word_1_115' title='bbox 683 4112 753 4160; x_wconf 94' lang='lat' dir='ltr'>non</span> <span class='ocrx_word' id='word_1_116' title='bbox 771 4094 879 4181; x_wconf 91' lang='lat' dir='ltr'>possit</span> <span class='ocrx_word' id='word_1_117' title='bbox 897 4115 968 4163; x_wconf 93' lang='lat' dir='ltr'>non</span> <span class='ocrx_word' id='word_1_118' title='bbox 985 4097 1135 4183; x_wconf 84' lang='lat' dir='ltr'>agnosci.</span> <span class='ocrx_word' id='word_1_119' title='bbox 1160 4097 1341 4165; x_wconf 80' lang='lat' dir='ltr'>»Accedit</span> 
     </span>
    </p>
   </div>
   <div class='ocr_carea' id='block_1_6' title="bbox 369 4367 1341 4562">
    <p class='ocr_par' dir='ltr' id='par_1_8' title="bbox 369 4367 1341 4562">
     <span class='ocr_line' id='line_1_18' title="bbox 404 4367 1341 4446; baseline 0.006 -22"><span class='ocrx_word' id='word_1_120' title='bbox 404 4369 442 4442; x_wconf 81' lang='grc'>(1)</span> <span class='ocrx_word' id='word_1_121' title='bbox 459 4367 614 4444; x_wconf 84' lang='lat' dir='ltr'>Utriusque</span> <span class='ocrx_word' id='word_1_122' title='bbox 628 4371 852 4442; x_wconf 76' lang='lat' dir='ltr'>argumentatio</span> <span class='ocrx_word' id='word_1_123' title='bbox 862 4370 986 4429; x_wconf 91' lang='lat' dir='ltr'>omnino</span> <span class='ocrx_word' id='word_1_124' title='bbox 1000 4371 1149 4446; x_wconf 87' lang='lat' dir='ltr'>descripta</span> <span class='ocrx_word' id='word_1_125' title='bbox 1163 4372 1193 4430; x_wconf 91' lang='lat' dir='ltr'>in</span> <span class='ocrx_word' id='word_1_126' title='bbox 1208 4377 1341 4431; x_wconf 83' lang='lat' dir='ltr'>extremo</span> 
     </span>
     <span class='ocr_line' id='line_1_19' title="bbox 369 4457 958 4562; baseline 0.01 -19"><span class='ocrx_word' id='word_1_127' title='bbox 369 4503 458 4561; x_wconf 88' lang='lat' dir='ltr'>opere</span> <span class='ocrx_word' id='word_1_128' title='bbox 472 4489 643 4562; x_wconf 86' lang='lat' dir='ltr'>reperietur.</span> <span class='ocrx_word' id='word_1_129' title='bbox 956 4457 958 4462; x_wconf 23' lang='grc' dir='ltr'>Ι</span> 
     </span>
    </p>
   </div>
   <div class='ocr_carea' id='block_1_7' title="bbox 0 0 1814 5632">
    <p class='ocr_par' dir='ltr' id='par_1_9' title="bbox 0 0 1814 5632">
     <span class='ocr_line' id='line_1_20' title="bbox 0 0 1814 5632; baseline 0 0"><span class='ocrx_word' id='word_1_130' title='bbox 0 0 1814 5632; x_wconf 95' lang='lat' dir='ltr'> </span> 
     </span>
    </p>
   </div>
  </div>
 </body>
</html>
