3614 5636
825 761 1044 830 -92-

453 1047 467 1076 ν
483 1026 576 1086 Timet
589 990 691 1087 bmnia
707 1047 714 1087 ε
729 1035 819 1102 patris
834 995 913 1098 iram,
931 1037 959 1092 et
973 1035 1107 1094 animum
1123 999 1283 1097 emicasse
1301 1047 1421 1113 argent

1247 1124 1293 1234 [sit
1304 1165 1386 1221 suae
1403 1185 1417 1215 ν

883 1296 1076 1368 (Heautontim.
1093 1315 1111 1354 v
1126 1315 1150 1354 s.
1168 1301 1240 1372 189.)

488 1554 619 1626 Graeca
626 1579 773 1647 persona
784 1561 894 1629 multo
906 1563 1072 1651 maiorem
1083 1565 1234 1653 parentis
1247 1586 1416 1635 verecun-

444 1756 548 1841 diam,
569 1759 679 1829 multo
697 1761 868 1830 minorem
885 1763 1014 1832 amicae
1032 1783 1149 1832 euram
1169 1766 1287 1834 nudat.

242 2056 323 2123 senti
488 2055 640 2124 Persona
665 2059 835 2146 quaedam
859 2061 897 2128 in
920 2061 1099 2130 Perinthia
1112 2063 1177 2131 sibi
1193 2064 1416 2153 probabiliter

440 2252 526 2322 haee
544 2257 649 2325 verba
666 2258 812 2328 faciebat
833 2281 839 2326 :

635 2524 725 2587 Ὅστις
740 2524 893 2595 παραλαβὼν
908 2523 1029 2592 δεσπότην
1045 2519 1194 2597 ἀπράγμονα

633 2668 674 2720 καὶ
687 2673 776 2739 κοῦφον
793 2665 902 2739 ἐξαπατᾷ
915 2667 1039 2739 θεράπων,
1056 2667 1098 2723 οὖν
1111 2657 1180 2723 οἷδ’ἷὶ
1192 2690 1216 2724 τι

631 2802 701 2872 οὗτος
717 2809 846 2881 μεγαλεῑόν
861 2807 912 2864 ἐστι
925 2813 1148 2883 διαπεπραγμένος,

631 2949 831 3022 ἐπαβελτερώσας
844 2951 887 3006 τόν
901 2972 949 3006 ποτ
955 2951 1004 3007 ’ὅντ
1011 2949 1158 3024 ’ἀβέλτερον

479 3212 575 3291 Quae
592 3216 696 3283 modo
712 3217 869 3285 fallaoem
878 3237 1030 3302 servum,
1041 3219 1112 3286 imo
1125 3219 1299 3287 fallacium
1310 3221 1406 3308 prin-

433 3418 545 3508 oipem
565 3421 699 3504 decent,
731 3421 858 3509 quippe
883 3420 943 3508 qui
966 3419 1104 3488 laudem
1127 3421 1165 3487 in
1188 3421 1408 3489 domininon

432 3619 624 3708 insipientis
637 3620 778 3689 fallendi
795 3589 1027 3708 antepositam
1040 3625 1178 3688 tantum
1198 3627 1345 3689 censeat.
1361 3622 1407 3689 Et

430 3827 471 3890 ut
488 3821 667 3889 Perinthia
683 3820 835 3888 Andriae
852 3840 922 3888 non
934 3821 1107 3889 dissimilis
1122 3828 1208 3906 erat,
1222 3833 1404 3910 personam

432 4021 563 4089 bandis
583 4028 656 4090 tam
678 4023 825 4110 peritam
849 4022 956 4110 (quod
970 4021 1098 4109 iudicio
1122 4022 1196 4109 ipso
1213 4019 1336 4088 Galeni
1361 4021 1404 4088 de

431 4247 507 4311 Δάοις
521 4229 758 4315 confirmatur)
777 4232 814 4298 in
832 4229 965 4297 Andria
983 4230 1214 4318 comparuisse
1227 4248 1290 4316 pro
1310 4234 1403 4296 certo
1485 4295 1489 4302 ,

430 4430 523 4500 orodi
536 4436 668 4518 potest·
682 4428 832 4498 Graecus
848 4427 956 4516 igitur
971 4428 1089 4496 Davus
1105 4426 1164 4495 illa
1175 4427 1317 4516 egregia
1327 4430 1401 4494 arte
