3610 5632
860 789 1079 854 ..50-

483 1035 554 1083 non
566 1016 747 1100 Eunucho,
760 1038 849 1106 quae
860 1017 902 1084 ΙΙ.
917 1018 1042 1087 2inter
1053 1017 1246 1088 Gnathonis
1260 1023 1451 1091 orationem

481 1217 683 1306 interposita
703 1218 878 1308 leguntur,
906 1222 990 1290 item
1016 1227 1054 1290 ut
1079 1241 1167 1309 quae
1192 1222 1253 1289 ΙΙΙ.
1281 1227 1300 1290 1
1328 1245 1448 1293 servus

481 1417 644 1506 loquitur.
668 1441 685 1482 n
701 1401 755 1507 ⁵(p.
777 1421 848 1507 18.)
869 1443 886 1483 (ι
908 1421 948 1488 In
971 1421 1093 1489 ultima
1112 1442 1214 1491 scena
1235 1423 1325 1492 duae
1349 1424 1451 1493 facile

479 1623 593 1705 partes
606 1625 851 1707 agnoscuntur,
868 1641 1016 1707 quarum
1029 1621 1124 1708 prior
1135 1622 1259 1709 (usque
1279 1623 1322 1690 ad
1341 1645 1374 1691 v.
1391 1621 1453 1708 23)

479 1844 523 1891 ex
536 1825 707 1893 Eunucho
715 1825 870 1894 derivata
881 1831 945 1911 est,
962 1847 1006 1894 ex
1020 1824 1143 1894 Colace
1150 1827 1330 1918 posterior.
1346 1826 1452 1904 Quod

478 2032 595 2094 autem
614 2026 650 2093 in
664 2027 729 2095 hac
746 2026 853 2096 altera
870 2027 1043 2096 Phaedria
1060 2029 1224 2117 loquitur,
1240 2035 1292 2098 est
1309 2030 1338 2098 is
1355 2031 1449 2100 idem

477 2225 536 2294 iile
557 2228 676 2296 militis
694 2228 823 2313 rivaliS,
849 2229 964 2317 quiin
989 2249 1092 2297 scena
1117 2229 1179 2297 IV.
1205 2234 1225 2298 7
1247 2231 1312 2300 sub
1335 2231 1445 2299 Chre-

475 2435 578 2502 metis
598 2435 738 2502 nomine
757 2435 799 2502 de
819 2433 943 2503 Colace
964 2441 1037 2503 erat
1052 2436 1241 2503 traductus
1266 2459 1282 2498 »
1302 2437 1350 2524 (p.
1370 2435 1443 2520 20.)

475 2637 554 2704 Non
577 2638 834 2725 circumscripte
858 2643 1026 2706 monstrat
1051 2637 1169 2705 Ihnius
1196 2659 1285 2726 quae
1310 2636 1445 2707 Colacis

475 2857 577 2904 scena
587 2839 630 2905 ad
641 2839 859 2907 meretricem
870 2839 1080 2928 pingendam
1094 2839 1288 2908 contulerit.
1305 2839 1343 2907 Si
1358 2860 1442 2908 vero

474 3037 579 3106 fidem
592 3037 757 3107 Konrado
774 3039 926 3108 Braunio
935 3041 1108 3124 habueris,
1129 3041 1189 3128 qui
1208 3046 1304 3108 actus
1322 3041 1438 3128 quarti

470 3265 608 3312 scenam
644 3244 675 3328 Ι,
713 3264 912 3332 quanquam
948 3245 1158 3313 dissimiliter
1194 3247 1438 3334 compositam,

469 3445 601 3513 Colacis
627 3468 701 3514 esse
727 3447 773 3534 (p.
801 3448 855 3514 35.
883 3447 940 3532 36)
966 3446 1112 3533 judicat,
1143 3447 1228 3533 quid
1254 3446 1436 3514 Terentius

467 3651 548 3719 inde
574 3650 718 3720 forsitan
742 3650 925 3718 adsciverit
947 3649 1047 3716 facile
1069 3648 1264 3737 perspicies
1295 3647 1364 3715 Ista
1390 3648 1434 3714 ad

464 3852 630 3940 exiguum
647 3859 864 3922 momentum
884 3857 1039 3941 prosunt.
1063 3850 1229 3938 Sequitur
1254 3856 1292 3918 ut
1312 3850 1435 3918 saltem

462 4076 587 4144 magna
600 4056 710 4122 sinon
724 4056 819 4123 omni
832 4062 983 4143 exparte
1002 4074 1135 4138 servus,
1153 4054 1290 4141 juvenis
1305 4059 1340 4122 et
1357 4073 1433 4119 me-

460 4259 567 4328 retrix
585 4260 653 4327 sint
672 4259 842 4326 Eunuchi.
857 4258 977 4346 Itaque
996 4259 1084 4326 nihil
1102 4259 1192 4327 inest
1203 4258 1430 4327 dubitationis

356 4518 357 4521 ,
458 4460 543 4547 quin
560 4479 681 4528 eorum
700 4460 841 4528 nomina
858 4459 985 4528 latinus
1007 4459 1115 4527 Poeta
1130 4459 1384 4527 immutaverit.
