3610 5632
828 810 868 820 -
915 774 958 840 54
1005 811 1045 820 -

497 996 653 1064 11161661
676 995 798 1082 aliquis
824 1018 894 1063 non
922 998 1109 1084 plurimum
1129 999 1166 1065 in
1191 1019 1231 1067 6ο
1259 1001 1427 1068 momenti

452 1223 526 1272 esse
551 1202 579 1270 si
601 1201 782 1269 Terentius
807 1202 974 1270 voeabula
995 1221 1221 1290 personarum
1242 1220 1427 1268 commune

450 1406 625 1494 quoddam
631 1405 813 1472 hominum
820 1423 930 1492 genus
945 1403 1155 1472 imitantium
1162 1401 1423 1491 permutaverit.

451 1604 561 1673 Verbi
574 1603 695 1693 gratia,
712 1604 824 1671 omnis
831 1623 948 1686 senex,
964 1622 1202 1692 quaecumque
1217 1604 1290 1692 ejus
1302 1608 1427 1672 natura

450 1810 514 1888 est,
524 1801 690 1872 Chremes
699 1804 813 1873 vocari
819 1811 944 1894 potest.
957 1805 1053 1873 Nihil
1063 1808 1196 1891 verius;
1211 1826 1297 1874 num
1306 1812 1425 1875 autem

451 2002 568 2071 omnia
585 2003 727 2072 nomina
743 2003 918 2072 tantulum
936 2004 1070 2092 pondus
1089 2006 1276 2076 obtinenti
1295 2007 1426 2078 Multo-

451 2223 530 2270 rum
543 2200 694 2290 effigiem
709 2202 774 2270 etsi
785 2223 951 2290 personae
966 2206 1136 2293 quaedam
1152 2214 1426 2295 garmaeorum

450 2402 591 2470 nomina
609 2403 815 2498 commutari
839 2404 961 2492 utique
983 2412 1173 2492 nequeunt,
1202 2406 1288 2493 quin
1310 2427 1426 2477 mores

450 2621 551 2690 saepe
569 2600 723 2689 paulum,
747 2600 922 2668 interdum
946 2601 1051 2670 etiam
1071 2622 1211 2690 prorsus
1228 2602 1423 2672 flectantur.

451 2803 578 2891 Reipsa
590 2802 714 2889 cuique
727 2815 953 2889 personarum
968 2801 1122 2890 ejusdem
1136 2803 1272 2891 generis
1289 2803 1425 2892 insigna

451 3002 625 3090 quoddam
651 3000 792 3071 nomine
806 3001 1021 3090 frequentius
1035 3002 1267 3091 significatum
1290 3022 1426 3091 semper

451 3205 660 3274 attribuitur.
677 3203 736 3273 Sio
747 3203 852 3272 Micio
862 3203 1027 3290 Simonis
1038 3205 1239 3300 Pamphilus
1251 3205 1422 3291 AEsohini‚

450 3404 550 3473 Sosia
569 3403 651 3494 Syri
664 3426 736 3473 non
752 3411 830 3493 apte
844 3407 1057 3494 cognominis
1077 3413 1178 3492 esset,
1195 3429 1304 3495 quum
1318 3429 1421 3477 voea-

450 3607 531 3674 bula
548 3628 569 3674 a
587 3607 690 3692 sanis,
709 3606 934 3674 adolescentis
949 3612 987 3675 61
1002 3607 1117 3677 liberti
1134 3608 1274 3698 ingenio
1293 3609 1423 3678 disoor-

450 3813 582 3880 darent.
604 3809 707 3878 Certo
724 3807 817 3876 idem
839 3813 875 3876 61
891 3807 928 3876 in
947 3809 1062 3896 plures
1083 3811 1313 3879 Menandreas
1332 3811 1424 3881 eadit

448 4028 622 4097 personas.
645 4009 789 4097 Oportet
801 4007 909 4096 igitur
924 4007 1093 4095 ejusmodi
1105 4011 1314 4080 mutationes
1328 4013 1422 4080 haud

448 4210 699 4279 inconsiderate
708 4209 814 4279 faotas
824 4215 1004 4303 permagni
1015 4215 1246 4298 aestimemus
1259 4235 1300 4282 eo
1312 4216 1422 4304 magis

449 4413 541 4500 quod
560 4419 691 4502 aparte
710 4414 831 4482 saltem
848 4415 913 4482 hae
932 4416 1110 4503 pervidere
1129 4416 1208 4484 licat
1231 4436 1299 4503 quo
1318 4417 1420 4485 modo
