3610 5632
832 762 1049 828 ..12-

454 995 517 1058 ret.
539 989 669 1077 Suapte
688 990 781 1058 enim
801 991 953 1058 bonitate
971 991 1205 1058 adducebatur
1224 995 1263 1056 ut
1284 989 1428 1075 quibus-

453 1192 533 1260 dam
552 1193 646 1260 anini
664 1192 762 1260 bonis
778 1192 958 1280 plerasque
978 1213 1096 1260 earum
1111 1193 1258 1259 libenter
1277 1197 1425 1259 ornaret.

453 1395 521 1463 Vel
536 1393 632 1463 Simo
652 1395 711 1462 filii
725 1396 979 1463 amantissimus
997 1416 1110 1483 neque
1124 1396 1302 1484 vigilantia
1315 1415 1429 1483 neque

454 1597 621 1684 sapientia
645 1604 748 1664 earet.
776 1597 909 1685 Nempe
934 1599 962 1664 si
987 1619 1068 1665 eum
1097 1619 1139 1665 ex
1166 1597 1307 1686 ephebis
1329 1616 1430 1664 exoe-

454 1799 606 1881 dentem,
631 1800 752 1886 quanti
780 1801 822 1867 sit
852 1800 964 1887 reipsa
990 1799 1120 1867 sciendi
1146 1798 1303 1887 cupidus
1334 1803 1432 1864 tanta

455 2001 613 2069 libertate
634 2003 750 2083 donet,
772 2003 832 2088 qni
850 1999 957 2070 vitam
976 2002 1068 2070 ultro
1091 2002 1198 2083 vivat,
1224 2005 1431 2068 nontamen

457 2199 500 2266 ab
518 2214 559 2267 eo
572 2201 695 2267 'oeulos
715 2200 877 2284 deflectit,
898 2201 982 2287 quid
996 2207 1076 2288 agat
1094 2205 1287 2270 curaturus.

502 2398 685 2468 Chremete
701 2400 960 2469 benevolentior
973 2407 1008 2469 et
1022 2402 1065 2469 ad
1082 2351 1222 2490 operarn
1236 2352 1431 2468 navandam

436 2623 438 2629 ·
457 2603 659 2690 propensior
676 2624 779 2672 nomo
802 2605 950 2672 inveniri
969 2609 1104 2691 potest;
1132 2603 1188 2670 eui
1205 2603 1345 2670 alterius
1368 2600 1431 2668 do-

458 2801 566 2870 lorem
586 2823 667 2869 vere
687 2803 782 2870 oordi
801 2824 874 2870 esse
897 2804 954 2870 hio
977 2803 1089 2871 mollis
1107 2808 1254 2872 testatur
1280 2822 1400 2870 versus
1422 2819 1428 2866 :

549 3228 563 3256 «
579 3166 672 3264 llomb
688 3221 755 3262 sum
771 3223 777 3260 :
794 3205 920 3262 humani
934 3165 976 3260 nh
990 3221 1007 3262 a
1020 3220 1069 3262 me
1084 3165 1215 3262 alienlim
1228 3209 1311 3278 puto.
1329 3227 1341 3256 »

924 3340 1120 3413 (Heautonttm.
1135 3357 1155 3397 v
1170 3357 1193 3397 S.
1210 3341 1266 3412 77.)

504 3620 743 3729 Menedemus
758 3645 869 3715 Clinia
881 3646 1034 3728 absente,
1045 3665 1115 3711 non
1128 3645 1204 3712 vult
1212 3664 1286 3712 esse
1299 3645 1431 3720 beatus,

461 3873 611 3941 eumque
633 3854 780 3922 duritiae
802 3873 884 3921 suae
905 3852 990 3919 adeo
1011 3849 1176 3938 poenitet,
1201 3854 1240 3916 ut
1262 3869 1298 3916 se
1317 3868 1433 3935 asper-

462 4055 557 4122 rimis
589 4054 763 4122 laboribus
793 4057 866 4142 ipse
901 4054 1038 4141 frangat
1049 4071 1058 4136 ;
1091 4051 1170 4118 inde
1201 4051 1370 4117 sinoeram
1400 4053 1435 4114 et

464 4277 637 4325 summanr
652 4278 725 4325 esse
742 4257 803 4324 filii
816 4258 993 4324 caritatem
1008 4261 1158 4344 apparet.

505 4459 609 4527 Micio
625 4459 831 4526 AEsohinurn
852 4459 955 4524 tidem
974 4476 1100 4542 magna
1117 4473 1197 4521 oum
1212 4471 1294 4519 eura
1308 4451 1406 4516 docet
1425 4468 1431 4512 :
