3614 5636
864 803 1106 870 -130-

497 1028 644 1094 alterum
659 1027 869 1094 Graecorum
880 1032 1072 1115 poetarum,
1089 1048 1238 1115 quorum
1256 1029 1389 1095 fabulas
1402 1030 1469 1096 Te-

496 1224 627 1292 rentius
637 1225 811 1313 exemplar
821 1228 1008 1315 principale
1018 1237 1221 1317 sumpserat,
1236 1232 1272 1299 in
1285 1233 1468 1300 Menandri

495 1421 570 1488 loco
588 1425 713 1510 posuit.

540 1620 662 1691 Plures
677 1629 792 1692 autem
813 1625 918 1692 fuisse
940 1627 1010 1693 iam
1028 1632 1108 1695 ante
1128 1627 1268 1696 Aelium
1288 1629 1463 1697 Donatum

495 1819 648 1888 Terentii
665 1821 860 1890 tabularum
877 1828 1163 1892 commentatores
1182 1831 1348 1912 procerte
1365 1844 1464 1892 cons-

493 2022 559 2101 tat,
597 2019 806 2107 nominaque
834 2022 1020 2089 memoriae
1049 2023 1185 2109 prodita
1220 2029 1301 2091 sunt
1331 2024 1463 2092 Valerii

494 2217 611 2302 Probi,
632 2219 771 2288 Aemilii
789 2222 924 2309 Asperi,
947 2221 1085 2289 Helenii
1103 2221 1263 2290 Acronis.

537 2420 720 2487 Probabile
738 2421 844 2508 igitur
864 2423 1050 2490 reddidisse
1072 2423 1156 2490 mihi
1176 2424 1305 2506 videor,
1335 2425 1464 2493 Teren-

492 2624 605 2690 tianae
617 2624 774 2712 Hecyrae
787 2624 969 2692 Menandri
978 2625 1130 2692 fabulam
1140 2623 1338 2714 exemplum
1344 2626 1460 2694 luisse.

492 2829 629 2896 Nomen
662 2828 811 2897 Graecae
835 2829 1037 2908 comoediae
1066 2829 1200 2897 nullum
1238 2828 1330 2895 aliud
1361 2848 1466 2915 quam

477 3028 603 3112 ’Ἑκύραν
622 3049 695 3096 esse
714 3031 877 3116 potuisse,
897 3031 966 3096 iam
986 3049 1089 3116 supra
1107 3030 1380 3128 demonstratum
1398 3037 1461 3098 est.

491 3225 593 3303 Quod
610 3229 712 3296 huius
729 3230 878 3297 nominis
890 3230 1006 3297 fabula
1025 3229 1237 3297 Menandrea
1254 3230 1463 3297 auctoribus

491 3426 713 3512 scriptoribus
729 3447 805 3494 non
827 3433 1127 3510 commemoratur,
1150 3427 1278 3495 nullius
1297 3429 1464 3496 momenti

489 3628 552 3690 est.
574 3623 664 3690 Nam
684 3644 797 3712 neque
809 3626 838 3692 si
855 3625 1029 3713 Hecyram
1043 3626 1086 3693 ad
1100 3625 1302 3713 Apollodori
1314 3624 1464 3713 Carystii

494 3841 601 3913 Ἑκύραν
620 3826 836 3895 referendam
847 3847 1066 3918 poneremus
1082 3847 1137 3896 res
1149 3826 1248 3896 aliter
1259 3848 1295 3896 se
1306 3827 1460 3912 haberet,

487 4042 600 4109 neque
619 4023 704 4092 haec
719 4025 790 4092 sola
807 4031 860 4092 est
871 4024 1055 4092 Menandri
1071 4017 1259 4110 comoedia,
1274 4027 1371 4093 cuius
1391 4046 1461 4094 uno

486 4238 623 4299 tantum
650 4234 847 4300 testimonio
877 4235 1007 4302 mentio
1034 4233 1083 4301 fit.
1113 4233 1317 4301 Confirmari
1343 4241 1458 4303 autem

485 4438 570 4504 mihi
586 4440 723 4507 videtur
740 4440 937 4527 conjectura
948 4461 1025 4508 mea
1044 4460 1294 4530 sermoneque
1312 4463 1395 4510 usus
1407 4448 1460 4511 est
