3610 5632
494 994 793 1074 Quemadmodum
812 995 869 1064 hic
886 995 962 1065 vult
975 996 1120 1066 eliorum
1133 999 1240 1070 vitam
1256 1000 1293 1070 in
1304 1021 1422 1071 exem·

449 1193 547 1282 plum
571 1196 783 1282 assumptam
809 1191 905 1262 velut
930 1192 1109 1281 speculum
1134 1215 1155 1262 a
1179 1193 1250 1264 filio
1275 1196 1419 1282 coueuh,

448 1398 499 1468 ita
509 1397 568 1468 iile
587 1418 715 1488 coquos
726 1399 763 1470 in
778 1399 912 1490 patinas
929 1400 1109 1489 inspicere,
1130 1405 1171 1470 ut
1185 1399 1320 1471 discent
1336 1399 1424 1489 quid

449 1617 552 1688 egere
567 1605 734 1688 oporteat.
757 1597 840 1684 Sed,
859 1600 945 1688 iocis
962 1601 991 1670 si
1006 1599 1208 1685 delectatum,
1228 1601 1302 1671 sine
1314 1599 1420 1671 dubio

447 1800 580 1891 epulari
598 1808 634 1872 et
650 1807 770 1892 potem
788 1801 899 1873 multo
918 1803 1029 1893 magis
1046 1808 1150 1873 amat.
1171 1801 1290 1892 Itaque
1304 1825 1326 1872 e
1341 1801 1420 1892 pul-

447 2003 617 2073 mentario
648 2023 719 2073 non
748 2004 945 2088 abstinens,
977 2003 1168 2092 quamlibet
1204 2002 1347 2093 cyathos
1382 2004 1420 2074 in

445 2202 560 2274 culina
576 2203 746 2274 exhaurit.

467 2423 469 2428 '
489 2386 655 2486 Curiosus
669 2422 706 2487 ct
721 2414 880 2506 ganum
893 2414 931 2483 in
947 2415 1086 2506 Hecyra
1104 2415 1275 2486 Parmeno
1293 2423 1418 2488 cuncta

383 2585 394 2604 ⁰
443 2616 585 2706 quidem
602 2617 689 2686 scire
711 2617 818 2706 cupit,
844 2615 930 2684 nihii
952 2621 1069 2685 autem
1093 2617 1240 2686 interius
1260 2592 1417 2704 premere

443 2828 567 2912 potest.
590 2817 755 2891 Philotidi
779 2823 924 2891 tacenda
947 2821 1195 2892 studiosissime
1217 2821 1414 2906 committit,

443 3026 499 3095 cui
519 3021 752 3115 Pamphilum,
778 3024 949 3096 Bacchide
966 3046 1102 3116 semper
1120 3031 1245 3111 emata,
1263 3025 1415 3116 primum
1516 3133 1519 3140 Ι

423 3235 488 3337 ¹ab
502 3255 610 3304 uxore
627 3255 690 3302 sue
707 3233 936 3319 abhorruisse,
956 3234 1081 3304 deinde
1097 3254 1174 3304 eam
1188 3233 1345 3317 coluisse,
1365 3238 1412 3316 et,

440 3434 499 3505 illo
517 3433 683 3524 profecto,
707 3435 824 3504 stetim
842 3453 971 3504 nurum
993 3454 1077 3525 erga
1093 3434 1258 3524 hecyrem
1280 3434 1413 3502 incom-

442 3638 545 3708 mode
561 3658 599 3708 se
617 3638 763 3728 gessisse
781 3637 950 3708 enuntiat.
971 3636 1137 3707 Omnium
1153 3635 1260 3725 igitur
1281 3653 1411 3718 rerum,

443 3842 510 3912 nisi
524 3844 691 3914 sermonis
709 3864 813 3934 quem
828 3842 959 3914 Laches
970 3862 1051 3913 cum
1066 3841 1237 3932 Phidippo
1251 3838 1409 3923 contulit,

440 4043 566 4112 certior
579 4043 689 4113 iectus
708 4048 783 4126 est;
803 4043 869 4111 hoc
886 4064 958 4113 uno
975 4043 1075 4113 valde
1094 4043 1233 4132 angitur
1254 4061 1261 4108 :

528 4439 635 4511 s'cuid
650 4403 850 4517 igeret-intio
863 4459 905 4514 ae,
920 4457 982 4504 non
996 4441 1071 4500 dum
1085 4401 1174 4501 euim
1189 4441 1269 4500 acio:
1285 4461 1299 4492 a
