3610 5632
783 827 824 836 ...
869 790 913 856 39
958 825 1002 838 .-

408 1012 552 1098 Hospite
575 1010 712 1076 hostilia
736 1011 928 1095 coeptante,
960 1008 1064 1073 Thais
1094 1009 1244 1090 recedit;
1275 1028 1377 1095 porro

407 1213 480 1299 ejus
499 1214 595 1280 abitu
616 1213 719 1300 fugae
739 1210 913 1278 simillimo
936 1210 1097 1277 audacior
1118 1210 1249 1276 Thraso
1273 1231 1309 1276 se
1335 1211 1378 1277 ad

407 1401 1379 1490 ostentandamfortitudinemparat.Cujusva-niloquentia

408 1611 483 1674 tum
501 1607 651 1674 maxime
667 1606 828 1694 jocularis
842 1606 893 1676 fit.
914 1606 1012 1675 Serio
1031 1607 1185 1676 decernit
1203 1615 1255 1691 ut,
1272 1629 1379 1697 expu-

408 1806 521 1893 gnatis
544 1807 733 1874 meretricis
758 1806 911 1889 aedibus,
942 1809 978 1874 in
1010 1807 1227 1895 Pamphilam
1256 1830 1379 1878 manus

412 2001 552 2090 injiciat,
583 2003 820 2090 Thaidemque
842 2003 981 2070 mulcet.
1014 2003 1235 2091 Propositum
1259 2025 1390 2112 perae·

409 2214 519 2291 turuS,
534 2229 604 2275 non
617 2228 714 2276 secus
724 2229 764 2275 ac
775 2208 846 2276 dux
858 2209 907 2275 rei
915 2209 1070 2276 militaris
1080 2210 1243 2296 prudens,
1256 2211 1380 2297 cuique

411 2432 513 2478 suum
531 2411 688 2478 attribuit
707 2411 822 2477 locum
840 2417 875 2478 ot
891 2409 1065 2478 Gnathoni
1083 2417 1248 2497 tanquam
1267 2412 1379 2498 legato

410 2615 469 2681 dat
490 2613 653 2680 mandata
671 2617 710 2679 ut
733 2613 822 2679 acies
845 2633 888 2680 ex
910 2617 1059 2699 quatuor
1076 2613 1250 2681 furacibus
1272 2615 1379 2681 servis

411 2814 552 2881 collecta
564 2814 754 2880 instruatur
771 2832 778 2877 :
796 2813 917 2879 Donax
932 2814 1022 2880 vecti
1043 2820 1194 2880 armatus
1211 2815 1247 2880 in
1266 2814 1380 2881 medio

414 3012 521 3096 adest,
537 3010 680 3079 Simalio
691 3011 728 3077 in
738 3010 887 3093 sinistro,
902 3008 1062 3098 Syriscus
1072 3011 1108 3078 in
1120 3012 1241 3077 dextro
1252 3029 1379 3094 cornu3

412 3215 567 3283 centurio
591 3213 718 3301 Sanga,
746 3218 999 3280 manutenens
1027 3213 1155 3300 aliquid
1182 3212 1382 3279 vulneribus

412 3416 648 3505 abstergendis
673 3416 848 3499 idoneum,
875 3416 1009 3483 absenti
1032 3416 1207 3502 manipulo
1233 3422 1379 3502 praeest.

414 3611 603 3700 Imperator
616 3613 700 3700 ipse,
721 3612 781 3699 qui
804 3617 881 3699 post
898 3610 1065 3698 principia
1088 3614 1181 3678 stans
1199 3630 1236 3676 se
1256 3609 1383 3696 Pyrrhi

413 3820 621 3903 stratagema
642 3814 805 3884 adhibere
824 3814 1009 3901 praedicat,
1030 3813 1204 3899 ignaviam
1223 3831 1321 3877 suam
1344 3829 1385 3877 ea

413 4019 546 4087 ratione
560 4019 597 4086 in
611 4018 745 4087 occulto
759 4019 832 4086 fore
849 4017 1003 4086 confidit.
1019 4016 1088 4084 Ubi
1100 4037 1136 4083 se
1150 4015 1250 4086 offert
1265 4017 1382 4100 Thais,

414 4226 574 4288 strenuus
607 4220 705 4287 miles
737 4220 807 4287 suis
837 4221 1003 4286 subnixus
1033 4220 1223 4286 etiamnum
1259 4223 1361 4306 pavet
1372 4237 1382 4302 ;

415 4417 532 4506 itaque
558 4442 702 4489 cumea
727 4423 877 4509 depace
907 4441 1008 4508 agere
1031 4424 1153 4486 tentat.
1187 4417 1284 4484 Licet
1311 4417 1384 4503 ejus
