3610 5632
771 781 814 795 -
859 746 900 814 21
949 783 990 794 ..

396 967 526 1053 hecyra
540 966 763 1034 dissidentem
785 966 1003 1055 adparentes
1025 966 1138 1035 subito
1156 967 1285 1056 fugisse
1309 989 1366 1038 ac-

335 1139 338 1144 *
394 1169 495 1258 cepit,
528 1187 566 1237 se
597 1169 674 1257 cogi
701 1167 869 1256 perdolet,
903 1168 1008 1236 utin
1037 1168 1139 1257 culpa
1165 1169 1366 1239 alterutram
1404 1177 1407 1182 '

394 1370 560 1439 inveniat.
587 1371 758 1458 Namque,
788 1371 817 1437 si
834 1369 918 1457 quid
939 1370 1132 1458 peccaverit
1149 1392 1230 1454 una,
1255 1392 1365 1459 aequo

394 1572 509 1641 animo
519 1572 636 1640 omnia
648 1572 793 1661 perpeti,
807 1571 987 1638 sinautem
1000 1570 1117 1674 altera,
1133 1577 1247 1640 tacuere
1261 1593 1364 1640 suum

390 1795 464 1842 esse
501 1774 706 1857 arbitratur;
740 1777 859 1862 utpote
896 1792 938 1841 eo
974 1773 1083 1861 magis
1120 1772 1364 1842 Philumenam

390 1976 494 2056 amat,
512 1972 607 2060 quod
624 1993 702 2042 eam
718 1972 801 2041 olim
820 1980 970 2063 spretam
984 1995 1055 2043 non
1074 1997 1095 2044 a
1111 1977 1277 2064 patientia
1293 1977 1362 2045 dis-

390 2171 570 2240 cedentem
584 2171 680 2240 vidit.
701 2171 890 2261 Postquam
907 2197 990 2244 vero
1002 2176 1250 2246 atrocissimam
1269 2177 1361 2245 veri-

388 2374 495 2442 tatem
520 2374 670 2457 rescivit,
695 2375 853 2460 quamvis
877 2326 1076 2447 etiamnunc
1097 2379 1259 2447 miseram
1279 2399 1360 2447 con-

384 2579 504 2666 jugem
527 2599 598 2647 non
618 2579 730 2648 oderit
748 2587 880 2647 etcum
899 2598 1000 2646 socru
1022 2579 1066 2646 de
1085 2578 1174 2647 filiae
1195 2580 1360 2667 pudicitia

385 2777 423 2844 in
436 2778 562 2866 vulgus
580 2779 710 2846 tuenda
729 2779 932 2862 consentiat,
948 2779 1172 2848 nihilominus
1186 2781 1357 2849 obstinato

386 2984 439 3048 est
470 2978 585 3046 animo
613 2979 656 3046 ad
682 2977 831 3062 nullam,
859 2997 948 3066 quae
979 3001 1000 3046 a
1028 2979 1155 3066 pietate
1182 2980 1356 3048 tantulum

385 3179 565 3268 discrepet,
586 3199 661 3246 rem
678 3180 847 3268 agendam
869 3197 876 3244 :

439 3459 454 3491 «
468 3438 555 3506 Quod
566 3400 671 3514 potero
686 3439 806 3510 facium,
820 3401 921 3499 limen
937 3443 970 3499 ut
983 3400 1124 3516 pietatem
1138 3440 1237 3498 colam
1253 3457 1260 3497 ε
1277 3463 1290 3492 a

437 3652 451 3682 «
466 3633 540 3690 Nam
555 3592 602 3688 me
616 3630 732 3706 parenti
745 3592 846 3706 potius
859 3648 953 3706 quam
967 3630 1063 3689 umori
1077 3592 1203 3705 <insequi
1213 3653 1227 3683 »

436 3841 451 3871 «
465 3780 595 3894 Oportet.
612 3841 627 3872 u
895 3823 969 3895 (Hac.
985 3838 1039 3880 vs.
1050 3824 1112 3881 447.
1128 3823 1191 3880 448.
1207 3823 1281 3894 449.)

425 4009 474 4080 Ut
491 4017 625 4100 patrem
643 4033 869 4102 socerumque
887 4015 1117 4084 calamitatem
1135 4036 1233 4084 suam
1252 4017 1350 4101 celet,

383 4214 447 4282 hac
465 4215 576 4282 utitur
594 4215 740 4300 virtute;
762 4217 804 4284 iis
824 4216 917 4283 enim
941 4236 961 4281 a
985 4236 1021 4283 se
1044 4216 1187 4284 domum
1209 4236 1353 4284 uxorem

381 4414 828 4485 nisimatrisatisfaoientem
838 4438 909 4538 non
920 4418 1101 4486 reductum
1109 4403 1349 4487 iriooniirmat.
