3610 5632
752 779 972 845 ,61-

420 1009 500 1076 Non
518 1007 639 1075 dubito
657 1007 743 1094 quin
760 1007 868 1075 Poeta
887 1007 1013 1074 latinus
1031 1007 1076 1075 ob
1094 1009 1252 1076 eamdem
1267 1029 1349 1076 cau-

376 1233 449 1280 sam
472 1231 603 1279 nomen
626 1209 734 1278 Getae
756 1208 849 1276 fideli
868 1228 968 1276 servo
987 1209 1201 1297 imposuerit.
1226 1210 1351 1278 Nonne

376 1415 553 1483 hominem
571 1397 719 1501 probum
730 1410 877 1500 improbi
893 1430 1022 1478 nomen
1032 1410 1218 1479 habentem
1235 1411 1352 1480 videre

378 1600 532 1706 lepidum
550 1615 631 1687 esti
654 1615 837 1686 Terentius
855 1635 933 1684 eam
957 1617 1138 1702 rationem,
1158 1621 1199 1687 ut
1220 1623 1353 1706 specta-

379 1815 512 1883 toribus
541 1815 650 1884 risum
674 1824 842 1901 moveret,
873 1839 945 1885 non
973 1817 1080 1888 semel
1108 1818 1220 1887 inivit.
1253 1815 1355 1895 Quod

381 2041 519 2109 quoque
545 2023 729 2105 Parmeno,
759 2021 918 2110 Hecyrae
945 2042 1077 2105 servus,
1105 2026 1262 2090 testatur.
1288 2022 1356 2089 Hic

381 2239 444 2307 per
464 2233 605 2310 ἀντίφρασιν
624 2223 684 2290 tali
700 2223 804 2290 modo
823 2224 1033 2307 nominatur,
1054 2243 1126 2291 non
1145 2224 1256 2291 solum
1276 2225 1357 2311 quia

382 2418 486 2487 herae
508 2441 589 2489 suae
608 2442 787 2510 nunquam
811 2422 956 2506 adsistit,
981 2423 1238 2506 verumetiam,
1263 2424 1357 2510 quod

383 2623 493 2692 multo
519 2585 824 2710 salsiusarbitror,
851 2626 1016 2713 quoniam
1035 2624 1183 2693 infidelis
1207 2625 1358 2693 famulus

385 2835 447 2898 est.
463 2831 601 2898 Etenim
615 2851 794 2918 nunquam
813 2831 904 2898 ullus
924 2830 1034 2899 fidelis
1046 2831 1235 2899 existimari
1246 2837 1359 2920 potest

288 3023 291 3028 “
386 3029 452 3096 nisi
474 3030 529 3096 cui
548 3029 655 3098 fidere
677 3031 768 3098 lieet.
790 3032 964 3100 Nimirum
986 3031 1162 3100 Sostratae
1181 3032 1304 3101 servus'
1323 3053 1359 3100 se

387 3229 560 3296 curiosum
582 3234 618 3296 et
638 3228 817 3318 loquacem
838 3233 992 3320 praebet.
1016 3233 1110 3302 Num
1135 3235 1227 3302 istud
1249 3234 1360 3302 fidelis

387 3431 478 3498 servi
494 3432 629 3520 insigne
647 3429 727 3498 est?
748 3430 840 3518 Ergo
860 3430 904 3498 de
924 3429 1012 3498 Geta
1034 3437 1069 3498 et
1088 3431 1304 3500 Parmenone
1325 3431 1361 3498 id

386 3649 428 3696 eo
447 3631 558 3718 magis
576 3636 697 3698 notare
719 3629 894 3698 debuisset
914 3631 1069 3699 Donatus
1093 3630 1183 3716 (Ad.
1206 3630 1232 3698 Ι.
1258 3636 1289 3699 1.
1311 3633 1358 3718 1),

387 3831 480 3919 quod
513 3855 529 3894 «
557 3853 696 3901 servum
722 3831 860 3900 fidelem
887 3833 1153 3918 Parmenonem,
1184 3834 1361 3904 infidelem

388 4032 444 4100 vel
463 4032 593 4121 Syrum
611 4034 667 4101 vel
684 4032 806 4101 Getam
827 4056 844 4096 n
867 4033 940 4101 sine
959 4033 1029 4100 ulla
1046 4037 1247 4123 exceptione
1267 4036 1361 4124 judi=

388 4239 453 4301 cat.
469 4233 525 4301 Ad
537 4235 768 4302 Menandreos
782 4255 913 4318 servos,
927 4254 971 4303 ex
984 4235 1110 4324 quibus
1120 4238 1254 4306 nullum
1267 4238 1361 4330 frugi

387 4438 454 4506 nisi
474 4439 727 4508 Parmenonem
751 4441 937 4525 noscimus
960 4442 988 4509 si
1009 4439 1222 4513 Scholiastae
1246 4443 1362 4533 opinio
