3610 5632
734 744 955 812 ..27-

355 976 467 1036 tremo
485 967 579 1036 hune
600 967 809 1036 ditissimum
830 967 952 1054 suique
969 967 1150 1053 profusum
1171 967 1326 1050 rivalem,

271 1159 275 1166 ’
357 1166 524 1234 devoratu
538 1164 686 1248 facilem,
702 1164 792 1234 ferre
810 1169 939 1234 statuat
953 1164 969 1230 l

403 1361 515 1430 Multo
534 1363 644 1452 magis
663 1362 816 1452 ingenuo
826 1363 935 1433 amori
953 1361 1065 1432 Clinia
1075 1364 1245 1453 indulget.
1262 1365 1331 1436 Hie

361 1567 502 1651 propter
529 1561 691 1649 probam,
720 1581 825 1650 quam
856 1562 987 1652 diligit,
1019 1564 1186 1650 puellam,
1224 1567 1330 1654 patris

358 1759 578 1830 severitatem
596 1759 843 1848 spectatissima
859 1759 1051 1828 constantia
1067 1763 1209 1851 patitur,
1227 1769 1331 1852 atque

358 1935 515 2050 enAsia,
534 1984 603 2052 quo
623 1969 745 2052 sponte
763 1983 826 2031 sua
843 1963 1064 2052 migraverat,
1085 1982 1243 2032 reversus
1261 1970 1332 2034 ten

270 2218 274 2223 .
359 2165 496 2247 quatur,
526 2161 620 2248 quod
649 2159 866 2249 Antiphilam
895 2157 1007 2227 officie
1034 2163 1182 2232 defuisse
1210 2165 1329 2235 eredit.

361 2362 480 2450 ltaque
492 2384 619 2452 magna
632 2364 822 2454 perfruitur
835 2363 975 2446 laetitia,
990 2384 1098 2450 quum
1113 2384 1190 2432 eam
1200 2384 1335 2452 semper

360 2563 579 2632 honestatem
619 2565 801 2632 retinuisse
830 2563 1012 2632 manifeste
1050 2564 1227 2652 comperit.
1266 2562 1336 2635 Ubi

289 2867 291 2871 Ι
360 2761 511 2850 primum
527 2763 672 2832 amicam
682 2786 780 2833 suam
793 2785 912 2834 rursus
927 2765 1033 2848 videt,
1050 2765 1253 2833 suavissima
1266 2764 1335 2832 duo

363 2962 469 3030 verba
492 2964 692 3053 simpliciter
714 2965 806 3048 facit,
828 2963 953 3052 quibus
978 2983 1099 3032 sensus
1122 2982 1202 3031 suos
1224 2982 1336 3031 enun-

363 3171 427 3240 tiat
450 3191 457 3237 :
481 3193 498 3234 n
517 3169 634 3256 Salue,
652 3169 766 3238 anime
780 3169 829 3238 mi
842 3192 863 3246 u,
875 3168 1141 3255 (Heautontim,
1156 3189 1218 3236 vs.
1233 3168 1334 3255 406);

363 3375 398 3438 et
414 3376 488 3438 tam
506 3369 592 3439 altus
611 3370 750 3458 spiritus
768 3369 870 3458 gerit,
889 3374 929 3438 ut
948 3322 1199 3457 Antiphilama
1217 3387 1338 3456 paren·

366 3567 459 3635 tibus
485 3569 555 3636 suis
577 3567 789 3655 reeognitam
813 3566 918 3635 luisse
940 3566 1057 3633 minus
1078 3566 1144 3635 sibi
1163 3586 1268 3654 quam
1289 3565 1339 3633 illi

366 3768 496 3836 honore
515 3729 638 3855 quovis
657 3767 782 3855 dignae
799 3767 959 3854 gaudeat.

414 3965 596 4056 Pamphilo
614 3949 711 4034 ¹nihil
740 3968 915 4056 antiquius
945 3973 998 4035 est
1027 3987 1131 4077 quarn
1164 3974 1205 4036 ut
1236 3965 1342 4037 fidem

368 4172 530 4255 praestet.
562 4165 728 4242 Quamvis
753 4165 953 4256 Glycerium
978 4185 1158 4254 nunquam
1186 4165 1342 4234 deserere

376 4376 469 4438 certo
489 4368 692 4452 decreverit,
712 4369 898 4456 instigante
916 4374 1033 4436 tamen
1051 4369 1161 4452 Dave,
1181 4388 1217 4456 se
1235 4365 1344 4435 Chre-

1212 4499 1234 4564 2
