3614 5636
803 739 1021 806 ..78-

427 963 635 1032 simillimam
670 983 744 1030 rem
776 963 1074 1031 accommodatum
1098 984 1168 1030 non
1195 965 1400 1052 expressisse

426 1164 601 1234 affirmet?
626 1167 763 1249 Nonne,
791 1167 872 1253 quia
893 1167 1041 1254 piscator
1063 1187 1170 1250 mare,
1191 1187 1260 1255 quo
1284 1169 1399 1252 alitur,

428 1385 558 1433 numen
576 1366 683 1450 ducit,
704 1366 890 1454 agricultor
907 1387 943 1434 se
955 1386 1037 1454 erga
1054 1373 1182 1434 terram
1199 1369 1328 1456 pariter
1341 1389 1402 1457 ge-

430 1592 506 1640 rere
523 1572 663 1661 poiest?
683 1571 900 1662 Quapropter
924 1593 1044 1641 versus
1058 1573 1115 1641 ille
1137 1582 1173 1641 et
1189 1580 1261 1642 tres
1280 1574 1337 1641 alii
1354 1574 1403 1659 (1)

429 1788 471 1835 eo
488 1769 598 1856 magis
613 1768 852 1856 Adelphorum
866 1774 958 1851 sunl,
973 1768 1067 1856 quod
1078 1789 1121 1836 ex
1130 1768 1292 1836 lemmate
1310 1769 1404 1856 frag·
1471 1745 1474 1752 ¹

430 1967 624 2053 mentisque
644 1967 859 2034 piscatorum
881 1987 951 2034 non
971 1968 1160 2055 percipitur
1181 1969 1254 2035 sine
1278 1988 1405 2056 magna

432 2171 467 2236 vi
497 2170 714 2258 excogitandi
738 2189 908 2257 quaenam
932 2191 1078 2258 persona
1102 2192 1160 2240 eos
1182 2173 1406 2260 pronuntiare

430 2369 549 2457 possit.
576 2370 663 2436 Eam
681 2374 796 2438 autem
823 2370 1013 2439 orationem
1028 2370 1178 2439 Demeae
1195 2372 1406 2460 aptissimam

434 2587 509 2637 esse
541 2567 659 2636 vidore
689 2568 823 2637 facilius
851 2575 915 2638 est.
950 2569 1077 2658 Reipsa
1109 2589 1153 2638 en
1184 2590 1301 2638 merus
1331 2591 1407 2639 rus·

433 2769 535 2853 licus
558 2769 618 2856 qui
635 2788 758 2858 agrum
774 2790 876 2840 suum
894 2770 979 2839 adeo
996 2775 1100 2855 amat,
1121 2776 1161 2840 ut
1174 2791 1210 2839 se
1227 2772 1270 2838 ab
1287 2791 1328 2838 eo
1346 2771 1407 2838 diu

435 2973 585 3042 abfuisse
602 2974 822 3062 imaginetur,
843 2975 924 3044 licet
941 2975 1000 3042 vix
1018 2975 1150 3061 aliquot
1159 2975 1273 3059 horas,
1293 2975 1409 3043 forsan

438 3173 537 3241 solito
555 3174 684 3243 diutius
703 3196 784 3245 eum
803 3177 1003 3246 deseruerit.
1025 3177 1118 3265 Ergo
1132 3176 1169 3244 in
1193 3175 1306 3244 verbis
1326 3198 1342 3237 u
1368 3189 1409 3243 aa

439 3393 532 3466 χρόνου
543 3395 639 3449 πολλοῦ
661 3401 678 3442 »
702 3379 855 3468 lepidum
873 3380 1002 3468 aliquid
1023 3381 1125 3465 inesl,
1148 3379 1242 3467 quod
1261 3378 1347 3446 iacit
1370 3383 1411 3446 ut

475 3751 513 3823 (1)
538 3754 595 3808 Eos
618 3750 825 3820 Piscatoribus,
846 3749 981 3823 deposita
1001 3749 1144 3807 laudabili
1164 3749 1315 3823 opinione,
1337 3749 1412 3806 falso
1525 3724 1530 3734 ⁸

442 3912 565 3970 inseruit
579 3912 708 3984 (Fragm.
723 3911 873 3969 Menandri
887 3927 918 3983 p.
939 3915 982 3966 76.
1001 3909 1125 3966 Berolini
1146 3910 1222 3981 1811)
1242 3909 1411 3974 Mainekius,

443 4072 506 4147 qui,
523 4076 556 4129 ut
564 4072 630 4144 jam
644 4077 732 4130 antea
746 4071 875 4140 Ddbnar,
891 4070 948 4128 levi
964 4071 1151 4143 conjecturae
1165 4070 1202 4128 de
1220 4072 1353 4140 cormrptis
1368 4071 1413 4125 ln-

444 4233 508 4288 11113
523 4246 541 4287 a
556 4233 694 4301 granerio
707 4228 802 4301 (Anal.
817 4227 885 4285 hist.
900 4233 928 4285 et
937 4227 1040 4301 philol.
1055 4243 1086 4302 p.
1100 4227 1164 4300 113)
1175 4227 1269 4285 factae
1284 4225 1415 4284 confisus

441 4393 495 4448 est.
