3610 5632
852 779 895 790 ..
940 743 983 808 34
1030 777 1070 786 -

520 968 660 1053 Exque
683 965 843 1054 colligere
863 964 942 1032 lieet
963 965 1055 1032 illam
1082 964 1226 1034 fiduciae
1248 967 1386 1056 inopem
1412 975 1448 1034 et

474 1171 645 1237 furtorum
663 1165 828 1234 artificem
848 1186 933 1233 esse,
958 1165 1039 1248 Sed,
1060 1166 1195 1234 etiamsi
1212 1171 1265 1234 tot
1282 1167 1374 1233 vitiis
1391 1167 1446 1232 in-

473 1372 654 1457 quinatur,
688 1369 850 1436 Bacchidi
877 1369 963 1434 nihil
991 1369 1082 1434 aliud
1113 1391 1217 1455 quam
1251 1390 1374 1437 aurum
1405 1370 1440 1434 in

472 1595 588 1641 amore
606 1573 747 1641 habenti
764 1577 925 1661 praestat,
945 1573 1107 1658 quoniam
1127 1594 1196 1640 non
1214 1574 1306 1640 lente
1326 1575 1438 1640 Phae-

471 1780 581 1848 driam
600 1783 705 1849 videt.

515 1981 657 2048 Bacchis
684 2001 720 2047 se
745 1985 881 2049 tantum
903 1978 1079 2046 exterma
1104 1977 1281 2060 celebrari,
1307 1982 1342 2045 et
1360 1977 1442 2044 clim

469 2181 602 2248 miseris
622 2180 745 2260 medie,
766 2179 832 2246 nisi
849 2199 930 2267 opes
949 2180 1124 2262 struxerit,
1152 2180 1348 2246 victituram
1367 2198 1441 2245 esse

468 2386 532 2454 scit
551 2392 667 2468 eert0;
689 2385 750 2451 uni
768 2384 875 2472 igitur
896 2384 977 2450 huic
999 2383 1138 2470 negotio
1164 2389 1273 2450 vacat.
1299 2381 1347 2448 At
1371 2402 1441 2448 non

467 2586 581 2652 minus
592 2587 916 2674 impudentiaquam
926 2585 1070 2652 avaritia
1078 2584 1275 2672 insignitur,
1285 2585 1436 2670 quande,

467 2803 582 2850 coram
602 2785 692 2873 Syro
712 2784 903 2870 Cliniaque,
924 2804 1028 2850 unam
1047 2804 1090 2849 ex
1108 2783 1238 2849 ancillis
1254 2783 1324 2849 suis
1348 2783 1439 2850 divi-

464 2988 548 3067 tem,
580 3005 600 3050 a
629 3005 699 3072 quc
726 2984 919 3068 arcessitur,
953 2985 1099 3052 militem
1126 2984 1311 3052 convenire
1341 2983 1441 3070 jubet

463 3183 549 3251 haec
566 3185 696 3252 addens
721 3203 728 3249 :

501 3537 513 3568 α
589 3516 640 3574 Dic
654 3533 703 3573 me
717 3516 765 3573 hic
780 3477 892 3590 cippido
903 3533 966 3573 esse
981 3477 1107 3574 inuitam
1122 3521 1211 3590 atque
1227 3478 1379 3574 adseruairi
1395 3535 1402 3574 :
1421 3539 1435 3566 »

465 3727 479 3758 «
493 3711 601 3765 Verum
616 3669 717 3781 ilique
731 3712 819 3781 pacto
834 3669 927 3764 uirba
941 3724 990 3764 me
1003 3707 1050 3764 his
1065 3667 1203 3765 dathranr
1214 3723 1277 3764 esse
1288 3668 1432 3849 et[uent1¹1-

1324 3793 1400 3834 ram.
1417 3798 1431 3827 ν»

852 3898 1047 3967 (Heautontim.
1062 3914 1081 3953 v
1097 3913 1121 3952 s,
1136 3899 1199 3954 7³4.
1216 3897 1290 3970 735.)

507 4172 682 4251 Quantum
708 4174 751 4240 ab
781 4175 855 4242 istis
883 4175 1003 4243 scortis
1035 4175 1149 4244 differt
1173 4176 1232 4243 illa
1256 4179 1432 4262 meretrix,

461 4398 561 4464 quae,
585 4378 622 4445 in
647 4376 786 4467 Hecyra
812 4378 939 4463 fabula,
967 4381 1152 4450 amicitiam
1183 4381 1340 4450 omnium
1369 4381 1434 4450 sibi
