3610 5632
748 775 966 841 ‚27-

372 1065 386 1096 ι(
401 1045 460 1104 Nisi
473 1007 545 1105 sane
559 1052 685 1119 ouroeat,
701 1009 847 1122 quorsum
862 1054 1041 1110 euentmum
1053 1011 1112 1110 hoo
1127 1050 1190 1110 siet.
1204 1072 1218 1102 »

917 1185 993 1258 (Her.
1009 1199 1029 1244 v
1043 1201 1068 1244 s.
1086 1189 1147 1246 192.
1164 1185 1238 1258 193.)

415 1409 577 1480 Vividius
594 1409 735 1499 depingi
754 1411 875 1500 nequit
893 1409 1082 1480 aurientes.
1142 1481 1145 1488 ,

417 1612 601 1700 Parmeno,
614 1613 803 1686 Phaedriae
815 1635 947 1700 seruus,
956 1617 1067 1706 magis
1075 1619 1216 1706 propter
1223 1615 1346 1686 volun·

371 1826 478 1894 tatem
496 1841 602 1911 quom
615 1822 707 1894 faeta
719 1823 846 1916 dignus
859 1831 912 1895 est
926 1794 988 1912 qui
1006 1825 1043 1894 in
1060 1822 1146 1898 fidos
1158 1830 1344 1914 reponatur

369 2043 499 2096 servos.
523 2025 694 2096 Hioenim
707 2026 915 2112 tabularum,
931 2047 993 2116 per
1010 2047 1096 2116 quas
1105 2024 1344 2097 meretriculae

314 2204 317 2210 ¹
370 2201 551 2306 hominum
567 2239 726 2324 potentes
745 2255 820 2306 esse
834 2236 957 2320 solent,
978 2255 1049 2304 non
1062 2235 1216 2325 ignarus,
1231 2239 1345 2304 tentat

371 2445 411 2509 ut
428 2439 635 2510 Phaedriam
649 2459 729 2510 oum
747 2439 878 2510 Thaide
890 2440 1162 2510 stomachantem
1176 2437 1345 2528 flagitiosa

372 2645 538 2715 servitute
565 2645 688 2715 liberet
700 2663 709 2728 ;
739 2645 867 2734 quippe
897 2646 958 2733 qui
985 2647 1022 2713 in
1050 2645 1180 2714 bonum
1213 2662 1342 2732 pronus

371 2846 473 2916 istam
501 2869 517 2909 a
550 2847 650 2916 fundi
678 2847 908 2918 calamitatem
940 2871 957 2910 »
990 2853 1197 2918 exsecretur.
1224 2847 1345 2936 Itaque

372 3045 504 3132 aegroti
527 3063 607 3113 omn
630 3042 753 3114 Sirene
775 3043 1001 3133 oolloquentis
1024 3044 1140 3114 animo
1163 3043 1344 3114 sanitatem

372 3248 549 3334 adlaturus,
563 3250 601 3319 in
612 3250 729 3320 omnia
736 3251 811 3338 eius
824 3250 1004 3320 mendacia
1013 3254 1135 3339 argute
1144 3247 1347 3320 illustranda

372 3455 553 3540 incumbit,
576 3427 734 3545 heroque
755 3474 818 3524 suo
841 3474 919 3524 eam
939 3475 956 3516 ι(
979 3473 1177 3542 pessumam
1197 3474 1214 3515 r
1234 3451 1345 3520 inere·

374 3661 469 3751 panti
486 3661 581 3732 favet
600 3682 607 3728 :

736 3921 750 3952 «
764 3861 896 3958 riudam
910 3858 1060 3972 perdoluit
1075 3912 1082 3953 ε
1099 3896 1145 3956 uir
1159 3913 1201 3954 es.
1219 3917 1233 3950 n

956 4058 1040 4132 (nan.
1055 4074 1076 4116 v
1090 4075 1114 4116 s.
1132 4057 1205 4130 itt.)

418 4248 484 4319 Cui
507 4250 556 4320 ita
585 4247 790 4338 dignitatem
814 4248 995 4318 restituere
1024 4251 1179 4327 conatur,
1214 4243 1346 4330 obieeta

374 4427 483 4537 hujus'
496 4449 728 4520 imbecillitate
748 4449 903 4517 dolenter
921 4452 1062 4536 stupet:
