3614 5636
757 777 974 844 ..85-

379 1004 488 1072 doctis
512 1001 718 1090 displiceret,
743 1000 830 1068 nihil
852 1001 944 1069 aliud
966 1002 1032 1068 nisi
1054 1002 1127 1070 vim
1146 1003 1272 1071 amoris
1293 1004 1353 1072 de-

378 1204 491 1292 pinxit
506 1222 569 1292 per
586 1206 675 1270 totas
694 1201 837 1269 fabulas.

422 1399 625 1489 Pamphilus
641 1419 683 1468 eo
697 1398 800 1468 modo
814 1399 964 1487 cogitata
982 1398 1156 1485 eloquitur
1178 1417 1185 1463 :

841 1653 941 1724 (Andr.
956 1669 976 1709 v
988 1669 1013 1711 s,
1024 1651 1087 1710 241.
1102 1653 1175 1725 242.)

379 1849 393 1878 (ι
409 1790 508 1894 Ouid?
528 1829 677 1898 Chremes,
697 1828 749 1902 qui
767 1790 930 1900 dineguret
948 1789 979 1884 sia
998 1788 1229 1885 commissurrim
1244 1826 1317 1884 mihi
1335 1848 1351 1879 s

377 2021 391 2049 «
408 1960 532 2058 [initam
552 2016 639 2057 suam
658 2016 793 2070 uxorem,
811 1961 845 2058 id
862 1999 1000 2069 mutauit,
1017 1960 1088 2072 quia
1102 2015 1151 2056 me
1162 1960 1352 2056 immutatim

1218 2067 1320 2141 [uidet.
1337 2089 1351 2120 »

419 2290 476 2358 Ad
494 2309 634 2358 versum
652 2289 698 2376 (6.
722 2288 749 2356 Ι.
771 2285 946 2375 thuidt
971 2282 1149 2373 Chremes]
1174 2285 1353 2354 adnotavit

376 2495 530 2564 Donatus
552 2513 560 2560 ε
583 2517 599 2556 «
620 2493 783 2562 Irascitur
795 2491 896 2580 patri,
913 2488 1007 2576 quod
1021 2492 1139 2576 cogat,
1160 2445 1349 2569 Chremeti,

376 2698 469 2786 quod
493 2718 566 2765 non
587 2702 692 2786 neget
722 2715 878 2763 uxorem.
909 2690 1013 2762 Nece
1039 2689 1147 2770 dolet,
1175 2709 1246 2755 non
1272 2685 1351 2754 odio

375 2898 505 2982 haberi,
535 2915 607 2965 non
630 2895 814 2986 repudiari.
846 2916 863 2956 »
892 2890 1059 2979 Sequitur
1083 2894 1124 2957 ut
1152 2887 1352 2956 Terentiani

377 3101 602 3170 adolescentis
623 3100 816 3174 molestiam
837 3098 904 3165 hoc
918 3092 1082 3163 ridiculae
1104 3081 1351 3178 indignationis

376 3327 486 3396 genus
505 3305 641 3394 proprie
663 3303 837 3390 insigniat.
860 3299 956 3368 Idem
976 3296 1118 3386 Epicuri
1136 3293 1350 3382 disciplinam

377 3509 469 3577 colit.

806 3631 909 3704 (Andr.
924 3645 945 3686 v
959 3645 983 3686 s.
1001 3630 1063 3686 959.
1080 3625 1157 3698 999.)

893 3763 902 3805 l
962 3800 968 3812 .

379 3834 393 3864 κ
408 3775 470 3884 ligo
485 3811 575 3867 deum
593 3771 684 3866 ultim
698 3808 857 3880 propterea
874 3805 1086 3897 sempiternam
1100 3813 1164 3854 esse
1183 3757 1319 3864 richimer,
1336 3813 1350 3844 a

381 3965 402 4039 «¹
411 3948 497 4052 Quold
512 3984 679 4054 uoluptates
695 3942 799 4038 cirum
813 3975 952 4052 propriae
966 3935 1036 4031 siml
1038 3991 1123 4030 ......

424 4225 545 4304 Porr0‚
577 4220 659 4307 quia
687 4240 704 4279 «
734 4217 824 4282 hanc
851 4171 1058 4281 sententiam
1086 4211 1207 4287 totam,
1238 4207 1278 4270 ut
1307 4201 1355 4267 ait

381 4425 573 4496 Scholiasta
590 4423 651 4508 (V.
671 4441 707 4488 u.
728 4420 777 4506 3),
794 4415 978 4486 Menandri
995 4414 1038 4480 de
1055 4407 1224 4478 Eunucho
1239 4411 1352 4474 trans-
