3610 5632
759 765 979 856 -u-

381 987 523 1056 Lacheti
539 995 599 1056 aut
623 988 771 1055 Demeae
794 986 843 1071 (1)
866 1005 994 1056 nemen
1012 992 1085 1054 erat
1105 1005 1112 1050 :
1136 985 1232 1052 Eun.
1258 1006 1291 1052 v.
1317 987 1349 1052 6.

383 1208 400 1248 u
421 1186 683 1268 Aimotandum,
703 1185 796 1272 quod
814 1185 918 1271 hujus
938 1184 1028 1252 senis
1042 1203 1169 1251 nomen
1184 1184 1275 1271 apud
1287 1184 1353 1252 Te-

350 1487 353 1495 Ι
381 1385 531 1452 rentium
539 1405 609 1451 non
619 1390 671 1451 est
686 1402 693 1449 ε
708 1384 800 1471 apud
807 1382 1039 1450 Menandrum
1047 1380 1170 1449 Simon
1181 1383 1317 1451 dicitur.
1333 1405 1349 1446 a

425 1583 579 1668 Atenim,
606 1583 635 1650 si
659 1584 709 1651 ita
732 1588 786 1654 est
810 1587 861 1666 ut,
889 1581 1079 1650 secundum
1105 1579 1196 1648 Ihnii
1218 1580 1352 1668 conjec-

380 1790 495 1851 turam
514 1783 576 1869 (2),
602 1784 783 1853 Terentius
805 1784 842 1851 in
866 1803 964 1850 suam
987 1781 1197 1850 Eunuchum
1217 1801 1261 1848 ex
1280 1801 1351 1849 non

381 1967 527 2055 absimili
545 1986 662 2055 fabula
678 1986 801 2055 Colace
818 1986 985 2073 quasdam
1001 1984 1203 2068 meretricia,
1214 1983 1351 2072 juvenis

381 2190 526 2258 amantis
539 2189 658 2277 atejus
671 2190 761 2258 servi
768 2195 882 2277 partes
893 2187 1154 2278 transposuerit,
1163 2187 1204 2254 iis
1217 2187 1349 2271 eadem,

380 2409 469 2477 quae
497 2390 533 2456 in
563 2390 750 2478 exemplari
779 2388 968 2471 habebant,
1002 2389 1144 2455 nomina
1179 2387 1352 2475 assignare

379 2588 503 2674 potuit.
528 2588 630 2670 Tum,
656 2587 794 2674 quando
817 2586 992 2670 meretrix,
1016 2585 1154 2673 juvenis
1175 2605 1293 2652 amans
1317 2590 1352 2652 et

380 2789 454 2874 ejus
483 2809 603 2856 servus
630 2786 762 2856 Colacis
794 2787 948 2874 personis
974 2786 1227 2874 germanissimi
1256 2793 1349 2864 sunt,

380 2988 521 3054 nemina
554 3007 625 3054 non
655 2986 876 3073 permutavit.
907 2985 1090 3068 Attamen,
1123 2985 1152 3052 si
1181 2984 1282 3074 plura
1309 2985 1353 3053 ab

380 3187 540 3255 Eunuchi
558 3187 725 3275 personis,
746 3187 789 3255 de
807 3186 932 3274 quibus
952 3185 1077 3274 agitur,
1096 3190 1274 3253 mutuatus
1288 3190 1351 3268 est,

378 3408 449 3455 non
468 3388 590 3456 eodem
608 3388 711 3455 modo
731 3407 810 3456 suas
834 3385 1030 3474 appellavit,
1054 3391 1237 3474 propterea
1261 3385 1354 3471 quod

379 3589 506 3677 potius,
526 3608 589 3676 pro
609 3587 731 3676 majori
750 3588 986 3671 similitudine,
1009 3593 1049 3654 ut
1067 3585 1228 3653 Eunuchi
1249 3605 1355 3672 quam

403 3852 453 3938 ¹(d)
469 3855 528 3909 Hoc
541 3855 609 3924 post
622 3866 819 3924 personarum
834 3849 968 3908 tabulam
983 3865 1014 3924 p.
1030 3854 1064 3908 89
1080 3850 1161 3924 apud
1178 3849 1356 3923 Umpfenha·

381 3985 481 4043 chium
487 3985 598 4058 *legitur
614 4002 621 4042 ε
635 4007 649 4038 «
663 3985 740 4043 Patri
754 3985 915 4043 Phaedriae
926 3989 954 4043 et
969 3985 1114 4044 Chaereae
1125 4000 1236 4043 nomen
1246 3989 1355 4043 Demea

380 4124 543 4182 indidimus
558 4124 730 4183 auctoritate
744 4124 856 4182 codicis
870 4124 1005 4182 Bembini
1017 4123 1100 4182 moti.
1117 4146 1132 4177 »

417 4289 454 4362 (2)
470 4289 662 4356 Quaestiones
675 4288 875 4347 Terentianae.
889 4292 929 4346 De
944 4289 1097 4346 Eunucho.
1108 4304 1139 4361 p.
1157 4291 1188 4344 ¹6
1204 4303 1271 4360 sqq.
1282 4289 1355 4345 Bon·

380 4442 436 4486 nae
451 4429 531 4485 1843.
