3610 5632
762 807 961 871 ..9-

516 1104 528 1130 «
545 1083 624 1168 Nem
632 1043 790 1139 diluviores
804 1043 909 1138 (limnas
924 1099 1029 1138 snmus
1044 1041 1171 1138 liodnlia.
1191 1100 1204 1134 a

906 1215 1099 1286 (heautontim.
1115 1231 1134 1270 v
1151 1231 1174 1270 s.
1192 1212 1268 1285 483.)

416 1432 581 1501 Attamen
589 1439 720 1502 tantam
734 1434 936 1521 sapientiam
949 1432 1222 1520 solumpraebet‚
1236 1451 1346 1518 quum

372 1637 483 1706 aliena
508 1645 670 1728 aguntur,
702 1642 737 1707 in
765 1641 891 1728 quihus
920 1639 1054 1727 planius
1086 1660 1191 1726 quam
1215 1640 1251 1706 in
1276 1639 1346 1705 suis

376 1849 459 1934 quid
477 1850 549 1916 veri
569 1851 613 1918 sit
632 1851 737 1918 videt.
761 1851 812 1918 lta
829 1873 848 1918 a
866 1849 957 1939 Syro
980 1818 1073 1918 haud
1095 1869 1196 1937 aegre
1223 1849 1347 1935 decep-

375 2057 443 2135 tae,
465 2053 508 2120 ad
528 2052 759 2142 Clitiphonem
776 2055 843 2124 lert
866 2056 1047 2143 pecuniam
1066 2054 1162 2121 velut
1186 2050 1349 2120 Bacchidi

376 2253 539 2338 debitam,
560 2277 665 2343 quam
679 2260 843 2327 meretrix
859 2259 902 2325 ab
923 2257 1130 2325 adolescenti
1144 2261 1269 2343 nepote
1287 2255 1349 2320 de-

377 2458 514 2527 siderat.
548 2459 640 2536 Quid
667 2461 788 2549 plura!
818 2459 966 2550 Cognito
997 2460 1204 2530 Bacchidem
1233 2481 1253 2526 a
1278 2457 1349 2525 filio

361 2667 496 2749 amari,
517 2667 601 2735 adeo
620 2669 672 2735 ira
688 2668 895 2751 incenditur,
912 2675 952 2735 ut
966 2689 986 2734 a
1003 2631 1209 2734 Menedemo
1223 2662 1350 2750 placari

378 2878 537 2958 nequeat.
556 2872 632 2940 Hoc
646 2873 819 2960 placidum
834 2879 869 2942 et
881 2875 1070 2963 sapientem
1082 2873 1197 2939 virum
1208 2868 1351 2957 pulchre

379 3074 488 3157 decet,
505 3074 566 3161 qui
583 3073 666 3141 ahos
685 3076 728 3141 ad
748 3045 1015 3162 temperantiam
1030 3095 1166 3164 semper
1190 3072 1351 3140 adhorta-

378 3282 447 3357 tur,
477 3277 606 3362 quique
632 3298 690 3344 eos
723 3277 836 3345 erudit
867 3278 1041 3363 quomodo
1074 3274 1264 3343 vivendum
1295 3273 1350 3354 sit,

380 3483 538 3569 quamvis
555 3481 628 3568 ipse
646 3481 787 3549 nesciat.

425 3683 516 3760 Quid
537 3684 646 3770 magis
668 3683 819 3770 joculare
840 3689 890 3750 est
909 3703 1015 3770 quam
1039 3679 1190 3748 Simonis
1215 3674 1353 3744 mobili-

380 3885 458 3953 tasl
477 3884 682 3972 Quanquam
696 3885 834 3952 Davum
847 3883 940 3952 haud
951 3883 1077 3970 injuria
1087 3902 1149 3970 pro
1162 3885 1355 3950 veteratore

381 4091 496 4172 hahet,
513 4091 614 4176 eique
633 4087 768 4168 diffidit,
785 4089 923 4156 attentis
941 4095 1057 4156 tamen
1072 4088 1213 4155 auribus
1226 4084 1356 4173 perfida

382 4287 480 4354 istius
508 4288 655 4354 hominis
680 4289 784 4355 verba
811 4288 945 4374 accipit,
972 4289 1044 4374 qui,
1071 4295 1111 4355 ut
1137 4287 1206 4354 filio
1232 4287 1353 4376 prosit,

382 4493 680 4582 partanlycerii
692 4494 735 4560 ad
748 4494 884 4581 nuptias
899 4493 1072 4584 Pamphili
1086 4501 1121 4562 et
1129 4495 1355 4562 Philumenae
