3614 5636
814 773 1053 840 -108-

447 988 580 1058 fuisset.
610 992 703 1080 Ergo
720 994 910 1062 meretricis
937 995 1168 1064 Menandreae
1194 999 1292 1068 dotes
1315 1003 1422 1070 aTe-

449 1192 560 1260 rentio
572 1193 793 1282 singulariter
803 1202 920 1264 auctas
932 1217 1007 1266 esse
1019 1219 1062 1266 ex
1077 1198 1421 1288 Scholiastaejudieio

449 1401 541 1465 eerte
554 1394 690 1466 effieere
707 1416 901 1486 possumus.

494 1708 574 1777 Bias
588 1715 624 1778 et
640 1709 771 1778 Thraso
790 1716 872 1778 sunt
882 1711 951 1779 duo
965 1711 1106 1800 gloriosi
1123 1717 1159 1780 et
1171 1711 1280 1800 inepti
1296 1712 1423 1781 milites

451 1902 512 1989 qui
535 1901 683 1971 nimium
705 1923 741 1971 se
766 1904 938 1993 suspicere
961 1904 1084 1988 solent,
1112 1904 1242 1992 quique
1259 1905 1343 1973 alios
1370 1905 1424 1972 in-

450 2102 547 2189 genti
561 2102 615 2168 sui
628 2103 882 2191 exspectatione
899 2124 1150 2193 praeoccupare
1165 2105 1318 2194 gestiunt
1337 2125 1345 2171 :
1368 2105 1425 2173 hio

450 2304 537 2372 nihil
561 2307 653 2395 apud
677 2327 736 2376 eos
764 2308 942 2377 dissonum
960 2314 1023 2378 est.
1052 2307 1156 2375 Haud
1178 2309 1248 2424 seio
1272 2328 1317 2376 an
1335 2329 1425 2376 uuus

452 2507 517 2575 sibi
535 2528 644 2596 aeque
666 2514 770 2596 atque
788 2508 874 2577 alter
891 2507 1014 2576 salium
1031 2505 1309 2595 exsuperantiam
1332 2523 1426 2572 arro-

451 2716 510 2800 get
521 2729 530 2795 ;
562 2711 622 2780 sed
651 2711 725 2778 sine
753 2710 824 2778 ullo
852 2711 957 2779 dubio
987 2711 1155 2799 posterior
1181 2710 1292 2780 multo
1315 2709 1426 2798 magis

452 2911 586 2981 sobrius
604 2917 657 2981 est
680 2932 786 3001 quam
812 2912 906 3001 prior
928 2912 990 3001 qui
1017 2932 1054 2980 se
1075 2912 1208 2996 saltem,
1238 2909 1427 3010 Alexandri

452 3114 572 3197 instar,
595 3112 751 3181 biberem
768 3112 979 3201 perlibenter
994 3112 1101 3200 jaetat
1122 3131 1130 3177 :

861 3423 977 3486 Κοτύλας
989 3427 1090 3496 χωροῦν
1103 3425 1164 3478 δέκα

632 3570 657 3624 ἒν
671 3569 841 3639 Καππαδοκίᾳ
854 3567 927 3622 κόνδυ
940 3572 1059 3641 χρυσοΰν,
1075 3568 1209 3639 Στρουθία,

511 3691 514 3696 ¹
630 3712 680 3782 τρὶς
696 3709 788 3775 ἐξέπιον
802 3709 890 3782 μεστόν
903 3711 937 3782 γ’.
955 3710 1012 3767 ΣΤ.
1034 3709 1199 3781 Ἀλεξάνδρον
1212 3710 1286 3764 πλέον

632 3859 676 3909 τοῦ
690 3855 811 3925 βασιλέως
824 3855 950 3916 πέπωκας.
968 3853 1001 3907 Β.
1017 3849 1061 3906 οὖα
1075 3853 1187 3921 ἔλαττον,
1203 3851 1242 3920 οὔ,

634 3998 669 4071 μὰ
682 3999 727 4068 τὴν
746 3997 863 4068 Ἀθηνᾶν.
880 3998 939 4054 ΣΤ.
954 3999 1018 4070 μέγα
1031 4017 1069 4070 γε.

1031 4141 1065 4217 (ἐν
1080 4143 1200 4235 Kolone.)

504 4431 688 4502 Praeterea
703 4450 784 4498 eum
802 4449 888 4512 esse,
914 4428 1031 4516 quise
1051 4425 1252 4496 mulieribus
1274 4422 1432 4513 placendi
