3614 5636
809 747 1029 814 ..74-

433 992 536 1057 quam
566 971 609 1037 ad
637 971 892 1038 resalutandum
922 972 1035 1038 faeiat.
1069 997 1084 1034 »
1115 973 1221 1050 Quod,
1239 977 1282 1042 ad
1312 977 1405 1044 huno

431 1171 575 1238 modum
589 1171 878 1258 interpretaturp.
896 1175 939 1240 18
953 1169 1216 1260 Koonighoffius
1237 1192 1243 1238 :
1263 1197 1279 1236 (ι
1297 1175 1405 1244 Poeta

432 1390 575 1459 mous
593 1371 710 1461 igitur,
733 1373 762 1440 si
781 1393 850 1460 qua
864 1372 915 1440 illi
933 1372 1061 1441 scholio
1073 1373 1326 1443 fideshabenda
1337 1381 1401 1461 est,

431 1573 518 1641 nihil
536 1573 604 1641 tale
622 1573 788 1642 Demeam
807 1573 935 1643 iecerat
955 1575 1166 1662 loquentem,
1186 1576 1247 1644 sed
1264 1577 1405 1646 remita

431 1778 637 1860 instituerat,
652 1783 692 1847 ut
704 1783 802 1866 pater
810 1777 913 1858 illico,
925 1776 961 1845 id
970 1776 1064 1863 quod
1076 1795 1121 1844 ne
1140 1775 1239 1844 fieret
1249 1782 1404 1846 extrema

431 1977 544 2065 priore
558 1997 660 2046 soena
670 1977 777 2045 irater
786 1977 890 2044 Mieio
899 1977 1054 2061 timebat,
1073 1977 1211 2065 iurgare
1222 1977 1400 2065 inciperet,

431 2183 491 2247 aut
509 2178 626 2263 Micio,
652 2199 731 2247 eum
750 2181 816 2249 sibi
833 2180 979 2248 salutem
997 2179 1208 2268 impertienti
1228 2177 1269 2264 (I.
1290 2181 1322 2245 1.
1345 2177 1402 2263 55)

430 2379 516 2449 nihil
545 2381 643 2450 reddi
671 2382 815 2465 videret,
845 2387 1025 2470 quaereret
1051 2384 1088 2468 (1,
1114 2383 1148 2449 2.
1174 2381 1241 2466 2);
1269 2405 1285 2444 «
1310 2380 1402 2458 Quid

430 2581 536 2649 tristis
561 2582 624 2650 est
652 2607 668 2646 u
696 2585 745 2653 At
769 2585 895 2653 Donati
922 2583 1076 2653 scholion
1103 2583 1303 2652 alterutram
1331 2602 1402 2651 non

430 2777 560 2868 patitur
589 2784 832 2871 conjecturam.
866 2783 1026 2852 Proiecto
1051 2782 1143 2870 apud
1170 2780 1402 2850 Menandrum

430 2982 560 3050 Demea
587 2985 703 3053 statim
729 2987 844 3075 jurgio
875 2988 1018 3056 fratrem
1048 2985 1245 3069 invadebat,
1271 2986 1401 3054 nedum

431 3181 577 3250 salutem
595 3184 763 3253 redderet.
782 3185 895 3262 Quare
907 3188 1130 3274 agrestiorem
1147 3187 1402 3273 tristioremque

429 3386 581 3474 primum
607 3409 644 3456 se
667 3389 864 3476 praebebat,
892 3391 1062 3478 siquidem
1087 3389 1179 3477 apud
1200 3389 1401 3456 Terentium

430 3606 501 3653 non
519 3588 622 3656 modo
640 3609 710 3655 nou
737 3590 869 3674 acerbe,
897 3590 957 3658 sed
979 3593 1084 3660 etiarn
1106 3592 1237 3659 urbane
1256 3590 1300 3658 ad
1322 3611 1403 3658 eum

430 3788 615 3876 praefatur.
641 3791 717 3859 Hoe
740 3793 850 3860 multo
868 3793 1008 3881 gravius
1030 3797 1083 3860 est
1104 3812 1208 3879 quam
1231 3792 1404 3860 existimat

431 3989 706 4078 Koenighoffius.
734 3993 824 4060 Nam
855 4013 960 4062 senex
984 3994 1021 4061 in
1045 3992 1161 4060 fabula
1193 4012 1316 4080 graeca
1342 4011 1404 4079 per

431 4191 539 4263 totam
557 4214 695 4262 scenam
719 4196 811 4263 idem
837 4215 911 4263 esse
936 4196 1082 4264 debebat
1105 4197 1166 4283 qui
1190 4195 1288 4263 initio
1316 4200 1400 4262 erat.

431 4399 524 4486 Ergo
550 4399 756 4466 Terentiana
781 4417 938 4486 persona,
964 4417 1073 4485 quum
1097 4396 1182 4486 quid
1208 4400 1341 4485 agreste
1369 4401 1404 4463 et
