3610 5632
736 805 958 872 ..19-

362 1026 476 1112 igitur,
490 1028 580 1115 oepit
601 1047 672 1094 non
690 1026 801 1096 solum
818 1035 858 1097 ut
877 1029 971 1116 quod
992 1028 1133 1097 Micioni
1157 1029 1336 1118 displicere

362 1228 481 1315 possit,
510 1226 700 1316 quidquam
724 1248 904 1316 nunquam
931 1229 1046 1314 faeiat,
1072 1229 1132 1297 sed
1161 1231 1266 1298 etiam
1299 1237 1337 1298 ut

362 1425 521 1515 religiose
546 1428 708 1498 observet
735 1449 780 1498 ne
817 1429 1055 1517 imprudenter
1086 1429 1228 1517 quidem
1257 1449 1337 1497 eum

363 1627 526 1697 offendat.
548 1629 648 1699 Tales
661 1630 754 1700 iuter
771 1650 808 1699 se
822 1631 985 1700 contrarii
1002 1629 1144 1700 affectus
1158 1631 1337 1698 contrariis

362 1827 561 1919 disciplinae
580 1831 771 1900 rationibus
787 1829 995 1901 efficiuntur.

410 2027 724 2101 Verumenimvero
738 2032 939 2121 inpluribus
952 2034 1042 2119 filiis,
1052 2054 1202 2122 quorum
1209 2033 1339 2102 Teren-

297 2309 305 2322 ,
363 2233 431 2300 tius
458 2232 507 2300 ita
533 2252 647 2302 mores
671 2234 862 2322 descripsit,
887 2239 1024 2321 praeter
1050 2233 1233 2303 nonnullas
1258 2254 1339 2304 eum

364 2432 490 2520 quibus
510 2435 594 2502 vitia
613 2434 797 2522 aliquando
809 2440 1077 2521 oompensantur
1090 2435 1200 2517 dotes,
1219 2434 1339 2521 singu-

364 2593 461 2712 laris
478 2633 600 2716 virtus,
633 2633 763 2703 scilieet
794 2638 976 2722 parentum
1002 2634 1210 2702 verecundia
1237 2635 1337 2701 inest.

366 2832 486 2902 Testes
495 2841 576 2903 sunt
588 2834 803 2924 Pamphilus,
820 2834 970 2922 Clitipho
983 2833 1226 2902 etAEsohinus.
1241 2832 1341 2900 Alius

368 3031 520 3102 Simonis
545 3054 607 3103 seu
631 3033 833 3123 Glycerium
860 3034 983 3119 amitti,
1013 3054 1074 3102 seu
1100 3032 1364 3102 Philumenam,

369 3255 514 3305 uxorem
548 3238 678 3306 assumi
711 3237 863 3325 jubentis
898 3238 1069 3308 voluntati
1107 3237 1344 3324 obtemperare

368 3435 577 3506 constituit:

379 3707 394 3736 u
408 3647 482 3757 dibi,
496 3691 591 3761 pater,
609 3704 658 3747 me
672 3650 761 3747 diedo.
783 3629 907 3756 Quiduis
926 3649 1024 3748 {rueris
1042 3689 1167 3764 inpone,
1186 3649 1300 3763 lupera.
1320 3709 1334 3741 u

372 3881 387 3912 «
400 3821 486 3919 vlsna
494 3877 618 3920 uxorem
624 3824 755 3920 diruere?
763 3862 841 3921 hano
855 3864 901 3921 uis
911 3825 1045 3923 mitteret
1053 3824 1208 3939 nepotari,
1219 3864 1347 3922 ieram.»

753 4037 755 4041 .
856 3983 959 4056 (Andr.
977 4000 997 4040 v
1011 3999 1035 4041 s.
1052 3985 1114 4042 897.
1130 3983 1205 4056 898.)

415 4264 528 4348 Aliae,
558 4285 628 4333 non
654 4266 789 4352 injustis
818 4233 1012 4335 Chremetis
1037 4263 1349 4353 vituperationibus

376 4468 513 4551 auditis,
530 4466 656 4538 delicto
675 4490 737 4537 suo
751 4468 923 4538 erubescit
941 4476 976 4538 at
994 4489 1075 4538 vere
1094 4468 1186 4537 dolet
1209 4488 1215 4535 :
