3610 5632
468 1009 627 1077 fefellisse
646 1017 680 1076 et
701 1008 952 1077 adolescentem
977 1013 1012 1079 in
1033 1015 1208 1100 angustias
1233 1017 1438 1110 compulisse

466 1213 631 1301 poenitet.
652 1211 723 1280 Sed
736 1213 821 1281 haee
834 1212 1046 1301 poenitentia
1062 1212 1176 1300 potius
1190 1234 1233 1281 ex
1251 1233 1441 1301 poenorum

467 1417 564 1481 metu
580 1432 685 1501 quam
699 1435 742 1482 ex
756 1414 961 1490 delictorum
977 1413 1436 1502 eonscientiaprofioiscitur,

467 1612 746 1701 quondoquidem
765 1613 895 1682 aeriore
908 1610 1023 1682 studio
1041 1608 1185 1677 artificia
1202 1630 1276 1694 sua,
1297 1611 1441 1698 posthac

467 1833 504 1880 so
531 1831 601 1881 non
625 1813 758 1881 vietum
783 1813 826 1882 in‘
846 1831 999 1902 sperans,
1026 1811 1071 1879 de
1097 1811 1233 1900 integro
1257 1810 1437 1881 instaurat.

467 2011 559 2090 Quid
582 2014 692 2102 magis
714 2013 898 2089 ridiculum
926 2033 1031 2101 quem
1054 2016 1154 2088 istius
1179 2017 1328 2086 hominis
1353 2018 1443 2087 vafri

467 2213 618 2302 religio?
643 2214 814 2288 Infantem
838 2213 1011 2304 Pamphili
1028 2220 1107 2288 oute
1127 2214 1280 2286 Simonis
1299 2215 1441 2302 januum
1528 2246 1531 2252 ·

467 2416 618 2507 Glyoorii
642 2416 786 2488 ansillae
805 2417 1049 2506 deponendum
1073 2422 1182 2502 eurat,
1207 2438 1252 2486 ne
1273 2418 1438 2506 perjuret,

466 2617 496 2686 si
513 2637 595 2688 oum
615 2637 692 2716 else
707 2638 779 2686 non
797 2619 993 2706 depositum
1011 2618 1117 2689 misso
1134 2619 1253 2690 testari
1265 2618 1437 2704 jubeatur.

590 2980 605 3017 l
622 2923 652 3021 Sl
665 2961 740 3021 forto
753 2977 831 3040 opus
845 2963 882 3024 sit
895 2925 936 3023 dd
951 2979 1036 3022 emm
1050 2927 1146 3024 iuratl
1160 2964 1244 3036 mihi,
1260 2987 1274 3016 n

466 3168 480 3205 e
494 3154 559 3210 Non
572 3114 736 3227 ddposisse,
752 3159 784 3214 ut
797 3116 912 3230 liquido
921 3154 1046 3231 possim.
1058 3177 1073 3208 ν
1105 3156 1207 3230 (Andr.
1219 3172 1239 3214 v
1252 3173 1276 3214 s.
1288 3159 1351 3214 728.
1364 3159 1438 3230 729.)

510 3450 633 3539 Syrus,
660 3451 865 3541 Clitiphonis
890 3454 1121 3543 paedagogus,
1147 3455 1243 3522 Davo
1268 3476 1337 3523 non
1363 3461 1436 3524 arte

463 3652 606 3720 inferior
622 3658 685 3721 est.
708 3653 796 3720 Tam
810 3654 916 3722 solers
927 3654 1069 3724 audacia
1087 3655 1197 3744 magis
1211 3656 1318 3745 vlget,
1332 3677 1436 3746 puop-

463 3858 558 3920 terea
576 3854 681 3940 quod,
704 3853 873 3944 disoipulo
892 3875 955 3923 suo
976 3836 1177 3946 pergratum
1197 3855 1363 3940 lauturus,
1393 3857 1436 3924 ed

463 4075 606 4124 coenam
624 4056 661 4124 in
677 4056 783 4145 petris
806 4057 913 4146 ipsius
939 4057 1083 4126 domum
1104 4058 1321 4126 merotnioem
1345 4057 1434 4125 Bue-

462 4257 610 4342 cuidem,
632 4258 696 4326 sub
712 4222 856 4347 pudicae
871 4235 1069 4346 Antiphilus
1085 4278 1243 4346 persona,
1264 4259 1433 4328 adduoere

462 4460 626 4529 adoritur.
650 4460 699 4530 At
717 4468 869 4531 caeteros
890 4463 1026 4532 fallaoes
1053 4463 1208 4533 libertate
1228 4465 1401 4534 antecellit
1424 4485 1431 4529 :
