3614 5636
804 795 842 808 -
890 756 935 824 68
981 792 1022 804 .-

428 986 562 1054 Donato
578 984 614 1050 in
635 980 781 1049 dubium
800 976 885 1046 fides
903 977 953 1044 rei
976 945 1119 1044 ¹ueniret.
1141 975 1251 1064 Atqui
1277 997 1401 1064 parum

427 1174 1401 1264 curaredebemusutrumejusjudicioHecyraMenandri

427 1384 471 1452 sit
483 1400 604 1464 necne,
624 1399 734 1466 quum
745 1397 839 1446 nunc
853 1398 977 1446 verum
990 1377 1194 1466 exemplaris
1209 1383 1397 1461 auctorem,

426 1581 463 1648 in
490 1578 584 1666 quod
611 1575 848 1665 interpretatio
876 1575 1003 1644 Donati
1031 1576 1133 1660 cadit,
1168 1575 1401 1644 Menandrum

426 1799 501 1850 esse
518 1783 644 1868 pateat

470 1981 547 2071 Ego
564 1981 706 2069 quidem
724 1979 876 2068 approbo
895 1998 1009 2066 neque
1023 1977 1062 2048 C.
1081 1979 1138 2048 Fr.
1160 1979 1402 2050 Hermannum

426 2185 487 2272 qui
502 2184 652 2272 <Disput
672 2184 716 2252 de
733 2182 899 2272 Adelph.)
912 2183 1078 2270 quasdam
1097 2205 1261 2273 personas
1272 2153 1402 2255 Teren-

426 2389 537 2458 tianae
549 2388 704 2456 moribus
720 2387 892 2476 praeditas
905 2407 980 2456 esse
993 2389 1156 2476 agraecis
1174 2389 1329 2477 personis
1340 2407 1403 2476 per

426 2597 535 2662 utam
570 2591 723 2659 fabulam
753 2590 1018 2660 abhorrentibus
1051 2589 1249 2673 contendit,
1287 2609 1403 2678 nequo

427 2792 621 2862 lhniumita
634 2811 714 2860 cum
729 2789 898 2860 Grauorto
912 2791 1185 2860 consentientem
1198 2795 1239 2858 ut
1250 2793 1403 2878 exceptu

428 3016 485 3075 co,
503 3014 616 3082 qnam
630 2994 676 3062 de
689 2992 840 3083 Diphilo
848 2994 1059 3082 sumpserit,
1073 2992 1261 3082 porticulo
1271 3011 1401 3080 presse

434 3194 834 3300 Terentiumpertotom
843 3191 1014 3281 sabulum
1026 3189 1233 3261 Menandri
1246 3189 1398 3278 concipio

427 3413 504 3462 ecce
520 3398 684 3462 secutum
702 3393 862 3482 opinetur
879 3392 945 3479 (De
963 3392 1112 3481 Adelph.
1133 3412 1167 3481 p.
1187 3391 1261 3476 31.)
1282 3389 1401 3461 Unum

427 3591 689 3674 ultramodum,
706 3589 854 3659 alterum
871 3611 943 3658 non
955 3591 1036 3660 satis
1047 3593 1210 3682 progredi
1224 3592 1370 3662 arbitror
1391 3611 1398 3658 :

428 3799 562 3860 rectum
575 3792 612 3859 in
631 3791 745 3859 medio
769 3792 934 3860 consistit.
961 3790 1127 3869 Quamvis
1146 3792 1240 3860 enim
1262 3796 1402 3880 patrum

427 3998 560 4066 indoles
580 4018 602 4066 a
626 3997 788 4065 Terentio
813 4011 1065 4079 nonnunquam
1089 3997 1223 4059 mutata
1248 3991 1303 4075 sit,
1330 4010 1402 4057 non

428 4196 591 4265 continuo
602 4214 622 4260 a
633 4193 924 4261 Menandrearum
937 4210 1163 4278 personarum
1176 4188 1291 4256 indole
1302 4209 1401 4276 pror-

429 4415 487 4463 sus
505 4395 619 4463 distat.
