3610 5632
751 757 968 824 ...51-

419 979 493 1046 Hae
514 979 696 1046 nominum
715 980 956 1047 conversiones
977 1000 1046 1048 non
1067 981 1158 1048 solae
1178 987 1314 1050 exstant
1336 1001 1343 1047 :

373 1179 410 1246 in
428 1197 630 1268 graecorum
654 1180 904 1268 exemplarium
927 1180 1079 1268 reliquiis
1097 1202 1263 1270 personae
1281 1203 1346 1249 no·

377 1401 458 1448 men
468 1381 639 1469 reperitur
650 1381 743 1468 quod
758 1382 940 1449 Terentius
954 1381 1047 1449 aliud
1059 1382 1151 1452 feeit.
1168 1338 1226 1450 Sic
1240 1381 1345 1450 Mioio

376 1584 413 1651 in
432 1584 654 1652 Menandreis
676 1585 842 1672 Adelphis
864 1585 1042 1674 Lamprias
1062 1590 1217 1669 vocatur,
1244 1590 1284 1653 ut
1302 1604 1346 1652 ex

370 1785 424 1852 his
442 1785 599 1854 versibus
614 1783 761 1874 intelligi
777 1790 891 1874 potest
912 1804 919 1850 :

542 2080 613 2154 Πρὸς
628 2081 725 2136 ἅπαντα
739 2081 820 2136 δειλόν
835 2079 898 2136 ἔστιν
912 2081 926 2136 ὁ
939 2084 1013 2151 πένης
1026 2081 1170 2155 πράγματα,

541 2250 581 2301 καὶ
596 2248 688 2312 πάντας
703 2249 777 2302 αὑτοῦ
790 2257 949 2320 καταφρονεῖν
963 2248 1142 2320 ὑπολαμβάνει.

543 2417 556 2468 ὁ
569 2416 617 2488 γάρ
633 2418 736 2489 μετρίως
749 2415 864 2488 πράττων
877 2417 1091 2488 περισαελέστερον

543 2583 638 2637 ἅπαντα
651 2579 764 2654 τάνιαρά,
779 2583 913 2656 Λαμπρία,
929 2585 1005 2655 φέρει.

940 2745 975 2818 (ἐν
995 2745 1148 2818 Ἀδελφοῖς.)

415 3033 560 3122 Insuper
575 3033 746 3122 optimum
755 3031 925 3099 famulum
940 3031 1064 3101 Getam
1076 3029 1241 3118 appellari
1252 3029 1343 3116 apud

370 3234 572 3302 Terentium
595 3233 786 3301 notandum
804 3239 867 3300 est.
889 3232 1010 3320 Atqui,
1033 3253 1075 3300 ex
1094 3232 1340 3315 GalenidiotiS,

370 3445 422 3505 ter
443 3435 548 3503 fallax
565 3455 685 3503 servus
702 3434 795 3521 apud
819 3434 1051 3502 Menandrum
1070 3433 1158 3502 Geta
1180 3435 1342 3503 Davusve

368 3637 614 3706 nominabatur
638 3655 646 3702 2
678 3659 694 3698 l(
724 3651 836 3722 Ὁμοίως
854 3661 905 3714 τοῖς
926 3649 974 3704 ὑπὸ
987 3657 1032 3705 τοῦ
1053 3652 1179 3722 βελτίστου
1195 3649 1343 3721 Μενάνδρου

369 3835 431 3889 κατὰ
444 3835 488 3900 τὰς
501 3837 634 3907 κωμῳδίας
648 3833 812 3907 εἰσαγομένοις
826 3832 939 3904 οἰκέταις,
956 3833 1031 3897 Δάοις
1041 3835 1089 3888 τισί
1102 3835 1143 3887 καὶ
1158 3834 1256 3902 Γέταις,
1272 3829 1342 3886 οὐδέν

369 4021 512 4090 ἡγουμένοις
536 4020 603 4090 σφισί
625 4019 767 4090 πεπρᾶχθαι
789 4027 910 4088 γενναῖον,
933 4015 953 4070 εἰ
975 4016 1008 4088 μὴ
1029 4018 1080 4088 τρίς
1104 4015 1280 4085 ἐξαπατήσειαν
1298 4013 1341 4068 τὸν

370 4217 491 4284 δεσπότην
511 4202 572 4287 (1).
601 4225 617 4263 ν
643 4199 720 4278 Qua
742 4201 912 4270 sententia
935 4201 1087 4268 adducor
1105 4206 1144 4268 ut
1166 4198 1340 4287 Adelpho-

407 4433 444 4506 (l)
459 4433 499 4488 Do
513 4436 574 4490 nal.
590 4433 647 4490 fao.
663 4448 682 4489 r.
702 4437 743 4492 17.
758 4433 817 4490 vol.
835 4449 864 4489 v.
880 4449 909 4508 ρ.
925 4434 970 4488 29.
