3614 5636
160 3450 341 3519 stastatuta

812 768 965 835 -102
1014 805 1050 816 -ν

445 990 619 1062 Sostratae
651 1012 790 1059 servum
819 999 855 1060 et
883 992 1137 1060 Parmenonem
1165 994 1288 1062 eodem
1314 995 1417 1063 modo

444 1196 588 1264 sensisse
610 1196 702 1284 apud
722 1194 964 1262 Menandrum.
992 1193 1082 1260 Nam
1102 1215 1145 1263 ex
1164 1195 1225 1264 tali
1243 1198 1418 1285 proposito

443 1399 530 1468 nihil
549 1401 732 1487 impediret
752 1397 937 1485 quominus
962 1418 1082 1466 omnes
1105 1397 1260 1486 ejusdem
1282 1400 1418 1488 generis

443 1620 606 1688 personas
613 1601 732 1669 itidem
740 1600 904 1669 formatas
915 1599 1021 1668 fuisse
1029 1599 1295 1668 contenderetur
1305 1617 1315 1683 ;
1325 1601 1420 1687 quod

444 1795 632 1865 absurdum
643 1794 743 1864 foret.
761 1793 874 1878 Certe,
890 1795 919 1861 si
932 1796 1101 1883 quaedam
1109 1798 1200 1866 inter
1212 1817 1248 1865 se
1255 1798 1337 1866 satis
1344 1817 1418 1864 ma-

444 2016 549 2086 gnam
567 1995 828 2065 similitudinem
837 2016 1003 2085 personae
1012 1997 1190 2082 haberent,
1206 1998 1268 2065 has
1280 2003 1417 2067 tantum

443 2197 481 2263 in
494 2195 734 2264 contaminatis
744 2216 764 2262 a
775 2194 937 2262 Terentio
950 2194 1076 2262 fabulis
1090 2195 1260 2264 exstitisse
1270 2200 1415 2265 constat.

444 2395 493 2464 At
509 2394 719 2482 quicumque
738 2415 851 2462 meam
870 2394 1100 2482 suspicionem
1117 2394 1287 2482 probabit,
1308 2394 1418 2463 Plocii

444 2617 583 2664 servum
608 2596 723 2684 ipsum
748 2595 886 2684 optimis
911 2595 1041 2663 artibus
1065 2595 1168 2678 vinci,
1196 2615 1306 2682 quum
1331 2593 1440 2673 Geta¹

444 2800 536 2868 solus
563 2800 678 2887 plures
711 2804 966 2867 sustentaturus
997 2801 1140 2884 laboret,
1167 2820 1238 2868 non
1263 2800 1413 2888 negabit.
1505 2881 1514 2888 ,

445 2999 529 3080 Quis
552 2999 697 3067 miretur
714 2999 743 3067 si
766 2999 851 3068 haec
868 3000 967 3089 probi
987 2999 1108 3067 famuli
1126 3000 1328 3069 excellentia
1349 2999 1417 3066 Te-

445 3201 601 3276 rentiana
618 3203 688 3273 sict

490 3457 681 3526 Menander
699 3456 763 3524 sub
781 3454 922 3522 Thaidis
940 3473 1086 3541 persona
1104 3450 1295 3539 perfectum
1315 3468 1416 3517 verae

445 3658 634 3727 meretricis
656 3656 832 3745 exemplar
854 3653 1007 3743 pauculis
1030 3650 1186 3719 versibus
1208 3646 1415 3735 descripsit:

870 3880 905 3953 (ἐν
919 3887 956 3953 τῷ
971 3880 1089 3953 προλόγῳ
1100 3887 1145 3949 τῆς
1159 3877 1277 3950 Θαΐδος.)

663 4025 738 4098 Ἐμοὶ
753 4026 796 4098 μὲν
810 4015 852 4080 οὗν
866 4023 932 4079 ἄειδε
945 4025 1071 4092 τοιαύτην,
1087 4022 1152 4090 (det,

657 4168 794 4240 Θρασεῖαν,
809 4169 903 4239 ὡραίαν
917 4167 945 4221 δὲ
958 4168 998 4221 καὶ
1010 4167 1112 4235 πιθανὴν
1126 4165 1189 4239 ἅμα,

657 4307 800 4379 ἀδικοῦσαν,
816 4305 1004 4378 ἀποκλείουσαν,
1019 4307 1133 4364 αἰτοῦσαν
1148 4305 1235 4376 πυκνὰ,

657 4455 761 4532 μηδενὸς
775 4459 881 4531 ἐρῶσαν,
896 4458 1109 4531 προσποιουμένην
1124 4451 1196 4512 δ’ἀεῖ.
