<?xml version="1.0" encoding="UTF-8"?>
<!DOCTYPE html PUBLIC "-//W3C//DTD XHTML 1.0 Transitional//EN"
    "http://www.w3.org/TR/xhtml1/DTD/xhtml1-transitional.dtd">
<html xmlns="http://www.w3.org/1999/xhtml" xml:lang="en" lang="en">
 <head>
  <title>
</title>
<meta http-equiv="Content-Type" content="text/html;charset=utf-8" />
  <meta name='ocr-system' content='tesseract 3.04.00' />
  <meta name='ocr-capabilities' content='ocr_page ocr_carea ocr_par ocr_line ocrx_word'/>
</head>
<body>
  <div class='ocr_page' id='page_1' title='image "./quomodomenandru00vallgoog_0022.png"; bbox 0 0 3610 5632; ppageno 0'>
   <div class='ocr_carea' id='block_1_1' title="bbox 722 783 970 847">
    <p class='ocr_par' dir='ltr' id='par_1_1' title="bbox 722 783 970 847">
     <span class='ocr_line' id='line_1_1' title="bbox 722 783 970 847; baseline 0 0"><span class='ocrx_word' id='word_1_1' title='bbox 722 783 970 847; x_wconf 84' lang='lat'>·—11-</span> 
     </span>
    </p>
   </div>
   <div class='ocr_carea' id='block_1_2' title="bbox 608 1016 1133 1116">
    <p class='ocr_par' dir='ltr' id='par_1_2' title="bbox 608 1016 1133 1116">
     <span class='ocr_line' id='line_1_2' title="bbox 608 1016 1133 1116; baseline 0.004 -2"><span class='ocrx_word' id='word_1_2' title='bbox 608 1079 621 1104; x_wconf 69' lang='grc' dir='ltr'>α</span> <span class='ocrx_word' id='word_1_3' title='bbox 637 1016 742 1114; x_wconf 54' lang='lat' dir='ltr'><strong>Betis?</strong></span> <span class='ocrx_word' id='word_1_4' title='bbox 760 1060 811 1115; x_wconf 77' lang='lat' dir='ltr'><strong>Me.</strong></span> <span class='ocrx_word' id='word_1_5' title='bbox 828 1061 869 1115; x_wconf 82' lang='lat' dir='ltr'><strong>lta</strong></span> <span class='ocrx_word' id='word_1_6' title='bbox 884 1057 961 1116; x_wconf 90' lang='lat' dir='ltr'><strong>dieo.</strong></span> <span class='ocrx_word' id='word_1_7' title='bbox 978 1059 1029 1116; x_wconf 84' lang='lat' dir='ltr'><strong>Ch.</strong></span> <span class='ocrx_word' id='word_1_8' title='bbox 1048 1019 1102 1116; x_wconf 76' lang='lat' dir='ltr'><strong>irh.</strong></span> <span class='ocrx_word' id='word_1_9' title='bbox 1119 1081 1133 1110; x_wconf 86' lang='lat'>»</span> 
     </span>
    </p>
   </div>
   <div class='ocr_carea' id='block_1_3' title="bbox 914 1196 1277 1268">
    <p class='ocr_par' dir='ltr' id='par_1_3' title="bbox 914 1196 1277 1268">
     <span class='ocr_line' id='line_1_3' title="bbox 914 1196 1277 1268; baseline -0.006 -14"><span class='ocrx_word' id='word_1_10' title='bbox 914 1196 1112 1268; x_wconf 76' lang='lat' dir='ltr'><strong>(Heautontim.</strong></span> <span class='ocrx_word' id='word_1_11' title='bbox 1127 1214 1147 1254; x_wconf 87' lang='lat' dir='ltr'><strong>v</strong></span> <span class='ocrx_word' id='word_1_12' title='bbox 1161 1214 1185 1254; x_wconf 74' lang='lat' dir='ltr'><strong>a.</strong></span> <span class='ocrx_word' id='word_1_13' title='bbox 1202 1199 1277 1265; x_wconf 81' lang='grc'><strong>938.)</strong></span> 
     </span>
    </p>
   </div>
   <div class='ocr_carea' id='block_1_4' title="bbox 375 1487 1347 1777">
    <p class='ocr_par' dir='ltr' id='par_1_4' title="bbox 375 1487 1347 1777">
     <span class='ocr_line' id='line_1_4' title="bbox 419 1487 1347 1580; baseline 0.002 -24"><span class='ocrx_word' id='word_1_14' title='bbox 419 1489 544 1557; x_wconf 81' lang='lat' dir='ltr'><strong>monne</strong></span> <span class='ocrx_word' id='word_1_15' title='bbox 563 1487 695 1559; x_wconf 80' lang='lat' dir='ltr'><strong>Laches</strong></span> <span class='ocrx_word' id='word_1_16' title='bbox 706 1489 925 1580; x_wconf 88' lang='lat' dir='ltr'><strong>Pamphilum</strong></span> <span class='ocrx_word' id='word_1_17' title='bbox 938 1514 981 1562; x_wconf 83' lang='lat' dir='ltr'><strong>ex</strong></span> <span class='ocrx_word' id='word_1_18' title='bbox 992 1492 1119 1576; x_wconf 86' lang='lat' dir='ltr'><strong>Imbro,</strong></span> <span class='ocrx_word' id='word_1_19' title='bbox 1134 1514 1203 1580; x_wconf 87' lang='lat' dir='ltr'><strong>que</strong></span> <span class='ocrx_word' id='word_1_20' title='bbox 1217 1492 1347 1561; x_wconf 90' lang='lat' dir='ltr'><strong>invitus</strong></span> 
     </span>
     <span class='ocr_line' id='line_1_5' title="bbox 375 1691 1347 1777; baseline 0.002 -17"><span class='ocrx_word' id='word_1_21' title='bbox 375 1691 574 1762; x_wconf 86' lang='lat' dir='ltr'><strong>hereditatis</strong></span> <span class='ocrx_word' id='word_1_22' title='bbox 593 1713 695 1762; x_wconf 84' lang='lat' dir='ltr'><strong>causa</strong></span> <span class='ocrx_word' id='word_1_23' title='bbox 717 1696 838 1777; x_wconf 83' lang='lat' dir='ltr'><strong>iverat,</strong></span> <span class='ocrx_word' id='word_1_24' title='bbox 863 1695 1067 1766; x_wconf 81' lang='lat' dir='ltr'><strong>redeuntem</strong></span> <span class='ocrx_word' id='word_1_25' title='bbox 1084 1693 1209 1762; x_wconf 84' lang='lat' dir='ltr'><strong>talibus</strong></span> <span class='ocrx_word' id='word_1_26' title='bbox 1234 1693 1347 1763; x_wconf 87' lang='lat' dir='ltr'><strong>verbis</strong></span> 
     </span>
    </p>
   </div>
   <div class='ocr_carea' id='block_1_5' title="bbox 339 1899 762 1988">
    <p class='ocr_par' dir='ltr' id='par_1_5' title="bbox 339 1899 762 1988">
     <span class='ocr_line' id='line_1_6' title="bbox 339 1899 762 1988; baseline -0.002 -21"><span class='ocrx_word' id='word_1_27' title='bbox 339 1899 341 1904; x_wconf 74' lang='grc'><em>’</em></span> <span class='ocrx_word' id='word_1_28' title='bbox 376 1899 580 1988; x_wconf 86' lang='lat' dir='ltr'><strong>eempellare</strong></span> <span class='ocrx_word' id='word_1_29' title='bbox 594 1899 762 1968; x_wconf 66' lang='lat' dir='ltr'><strong>festinati</strong></span> 
     </span>
    </p>
   </div>
   <div class='ocr_carea' id='block_1_6' title="bbox 848 2145 1347 2260">
    <p class='ocr_par' dir='ltr' id='par_1_6' title="bbox 848 2145 1347 2260">
     <span class='ocr_line' id='line_1_7' title="bbox 848 2145 1347 2260; baseline -0.002 -16"><span class='ocrx_word' id='word_1_30' title='bbox 848 2209 862 2238; x_wconf 90' lang='lat'>«</span> <span class='ocrx_word' id='word_1_31' title='bbox 877 2187 967 2257; x_wconf 79' lang='lat' dir='ltr'><strong>Cedo,</strong></span> <span class='ocrx_word' id='word_1_32' title='bbox 983 2146 1057 2260; x_wconf 72' lang='lat' dir='ltr'><strong>quid</strong></span> <span class='ocrx_word' id='word_1_33' title='bbox 1071 2182 1190 2258; x_wconf 85' lang='lat' dir='ltr'><strong>reliquit</strong></span> <span class='ocrx_word' id='word_1_34' title='bbox 1205 2145 1318 2243; x_wconf 63' lang='lat' dir='ltr'><strong>Phania</strong></span> <span class='ocrx_word' id='word_1_35' title='bbox 1332 2207 1347 2237; x_wconf 89' lang='lat'>»</span> 
     </span>
    </p>
   </div>
   <div class='ocr_carea' id='block_1_7' title="bbox 430 2321 1170 2432">
    <p class='ocr_par' dir='ltr' id='par_1_7' title="bbox 430 2321 1170 2432">
     <span class='ocr_line' id='line_1_8' title="bbox 430 2321 1170 2432; baseline -0.011 -11"><span class='ocrx_word' id='word_1_36' title='bbox 430 2324 631 2422; x_wconf 57' lang='lat' dir='ltr'><strong>Gensobrinus</strong></span> <span class='ocrx_word' id='word_1_37' title='bbox 645 2321 766 2419; x_wconf 56' lang='lat' dir='ltr'><strong>nester?</strong></span> <span class='ocrx_word' id='word_1_38' title='bbox 779 2381 793 2412; x_wconf 76' lang='lat' dir='ltr'><strong>a</strong></span> <span class='ocrx_word' id='word_1_39' title='bbox 932 2360 1007 2432; x_wconf 76' lang='lat' dir='ltr'><strong>(Hac.</strong></span> <span class='ocrx_word' id='word_1_40' title='bbox 1023 2375 1043 2415; x_wconf 87' lang='lat' dir='ltr'><strong>v</strong></span> <span class='ocrx_word' id='word_1_41' title='bbox 1057 2375 1081 2415; x_wconf 76' lang='lat' dir='ltr'><strong>a.</strong></span> <span class='ocrx_word' id='word_1_42' title='bbox 1098 2357 1170 2428; x_wconf 76' lang='lat'><strong>458.)</strong></span> 
     </span>
    </p>
   </div>
   <div class='ocr_carea' id='block_1_8' title="bbox 375 2626 1350 2924">
    <p class='ocr_par' dir='ltr' id='par_1_8' title="bbox 375 2626 1350 2924">
     <span class='ocr_line' id='line_1_9' title="bbox 421 2626 1349 2716; baseline -0.005 -19"><span class='ocrx_word' id='word_1_43' title='bbox 421 2631 672 2700; x_wconf 77' lang='lat' dir='ltr'><strong>Verumtamen</strong></span> <span class='ocrx_word' id='word_1_44' title='bbox 686 2651 757 2697; x_wconf 90' lang='lat' dir='ltr'><strong>non</strong></span> <span class='ocrx_word' id='word_1_45' title='bbox 769 2634 905 2698; x_wconf 87' lang='lat' dir='ltr'><strong>tantum</strong></span> <span class='ocrx_word' id='word_1_46' title='bbox 917 2632 1156 2716; x_wconf 75' lang='lat' dir='ltr'><strong>quaestuosus,</strong></span> <span class='ocrx_word' id='word_1_47' title='bbox 1171 2626 1231 2694; x_wconf 85' lang='lat' dir='ltr'><strong>sed</strong></span> <span class='ocrx_word' id='word_1_48' title='bbox 1245 2627 1349 2693; x_wconf 85' lang='lat' dir='ltr'><strong>etiam</strong></span> 
     </span>
     <span class='ocr_line' id='line_1_10' title="bbox 375 2833 1350 2924; baseline -0.002 -22"><span class='ocrx_word' id='word_1_49' title='bbox 375 2835 528 2904; x_wconf 75' lang='lat' dir='ltr'><strong>difficilis</strong></span> <span class='ocrx_word' id='word_1_50' title='bbox 548 2842 622 2919; x_wconf 82' lang='lat' dir='ltr'><strong>est3</strong></span> <span class='ocrx_word' id='word_1_51' title='bbox 647 2837 763 2924; x_wconf 85' lang='lat' dir='ltr'><strong>itaque</strong></span> <span class='ocrx_word' id='word_1_52' title='bbox 791 2838 828 2903; x_wconf 92' lang='lat' dir='ltr'><strong>in</strong></span> <span class='ocrx_word' id='word_1_53' title='bbox 854 2855 973 2904; x_wconf 86' lang='lat' dir='ltr'><strong>omnes</strong></span> <span class='ocrx_word' id='word_1_54' title='bbox 994 2835 1168 2916; x_wconf 75' lang='lat' dir='ltr'><strong>muliereS,</strong></span> <span class='ocrx_word' id='word_1_55' title='bbox 1201 2833 1350 2902; x_wconf 82' lang='lat' dir='ltr'><strong>maxime</strong></span> 
     </span>
    </p>
   </div>
   <div class='ocr_carea' id='block_1_9' title="bbox 375 3037 1350 3332">
    <p class='ocr_par' dir='ltr' id='par_1_9' title="bbox 375 3037 1350 3332">
     <span class='ocr_line' id='line_1_11' title="bbox 375 3037 1347 3124; baseline -0.01 -12"><span class='ocrx_word' id='word_1_56' title='bbox 375 3045 412 3112; x_wconf 88' lang='lat' dir='ltr'><strong>in</strong></span> <span class='ocrx_word' id='word_1_57' title='bbox 432 3065 530 3114; x_wconf 89' lang='lat' dir='ltr'><strong>suam</strong></span> <span class='ocrx_word' id='word_1_58' title='bbox 548 3063 692 3111; x_wconf 86' lang='lat' dir='ltr'><strong>uxorem</strong></span> <span class='ocrx_word' id='word_1_59' title='bbox 710 3043 797 3110; x_wconf 90' lang='lat' dir='ltr'><strong>iram</strong></span> <span class='ocrx_word' id='word_1_60' title='bbox 814 3041 945 3110; x_wconf 84' lang='lat' dir='ltr'><strong>evomit</strong></span> <span class='ocrx_word' id='word_1_61' title='bbox 963 3039 1067 3124; x_wconf 83' lang='lat' dir='ltr'><strong>(Hec.</strong></span> <span class='ocrx_word' id='word_1_62' title='bbox 1089 3060 1112 3105; x_wconf 90' lang='lat' dir='ltr'>v</span> <span class='ocrx_word' id='word_1_63' title='bbox 1131 3059 1157 3105; x_wconf 89' lang='lat' dir='ltr'><strong>s.</strong></span> <span class='ocrx_word' id='word_1_64' title='bbox 1173 3038 1238 3104; x_wconf 83' lang='lat'><strong>198</strong></span> <span class='ocrx_word' id='word_1_65' title='bbox 1258 3037 1347 3123; x_wconf 85' lang='lat' dir='ltr'><strong>sqq).</strong></span> 
     </span>
     <span class='ocr_line' id='line_1_12' title="bbox 377 3243 1350 3332; baseline -0.008 -16"><span class='ocrx_word' id='word_1_66' title='bbox 377 3249 507 3318; x_wconf 83' lang='lat' dir='ltr'><strong>idcireo</strong></span> <span class='ocrx_word' id='word_1_67' title='bbox 531 3249 661 3317; x_wconf 82' lang='lat' dir='ltr'><strong>Demea</strong></span> <span class='ocrx_word' id='word_1_68' title='bbox 684 3247 840 3316; x_wconf 84' lang='lat' dir='ltr'><strong>nonnihil</strong></span> <span class='ocrx_word' id='word_1_69' title='bbox 861 3247 951 3332; x_wconf 83' lang='lat' dir='ltr'><strong>(Ad.</strong></span> <span class='ocrx_word' id='word_1_70' title='bbox 974 3268 998 3313; x_wconf 84' lang='lat' dir='ltr'>v</span> <span class='ocrx_word' id='word_1_71' title='bbox 1016 3267 1042 3313; x_wconf 86' lang='lat' dir='ltr'><strong>s.</strong></span> <span class='ocrx_word' id='word_1_72' title='bbox 1065 3245 1157 3329; x_wconf 84' lang='grc'>867),</span> <span class='ocrx_word' id='word_1_73' title='bbox 1185 3243 1350 3312; x_wconf 86' lang='lat' dir='ltr'><strong>Chremes</strong></span> 
     </span>
    </p>
   </div>
   <div class='ocr_carea' id='block_1_10' title="bbox 377 3445 1349 3541">
    <p class='ocr_par' dir='ltr' id='par_1_10' title="bbox 377 3445 1349 3541">
     <span class='ocr_line' id='line_1_13' title="bbox 377 3445 1349 3541; baseline -0.008 -21"><span class='ocrx_word' id='word_1_74' title='bbox 377 3453 564 3541; x_wconf 90' lang='lat' dir='ltr'><strong>plurimum</strong></span> <span class='ocrx_word' id='word_1_75' title='bbox 586 3451 850 3538; x_wconf 78' lang='lat' dir='ltr'><strong>(Heautoncim.</strong></span> <span class='ocrx_word' id='word_1_76' title='bbox 873 3471 896 3517; x_wconf 90' lang='lat' dir='ltr'>v</span> <span class='ocrx_word' id='word_1_77' title='bbox 918 3470 945 3516; x_wconf 88' lang='lat' dir='ltr'><strong>s.</strong></span> <span class='ocrx_word' id='word_1_78' title='bbox 970 3450 1048 3517; x_wconf 80' lang='lat'><strong>630.</strong></span> <span class='ocrx_word' id='word_1_79' title='bbox 1076 3449 1153 3516; x_wconf 86' lang='grc'><strong>641.</strong></span> <span class='ocrx_word' id='word_1_80' title='bbox 1178 3445 1258 3529; x_wconf 79' lang='grc'>642)</span> <span class='ocrx_word' id='word_1_81' title='bbox 1282 3445 1349 3512; x_wconf 90' lang='lat' dir='ltr'><strong>La-</strong></span> 
     </span>
    </p>
   </div>
   <div class='ocr_carea' id='block_1_11' title="bbox 377 3656 873 3746">
    <p class='ocr_par' dir='ltr' id='par_1_11' title="bbox 377 3656 873 3746">
     <span class='ocr_line' id='line_1_14' title="bbox 377 3656 873 3746; baseline -0.014 -20"><span class='ocrx_word' id='word_1_82' title='bbox 377 3659 485 3728; x_wconf 79' lang='lat' dir='ltr'><strong>chetis</strong></span> <span class='ocrx_word' id='word_1_83' title='bbox 504 3656 708 3746; x_wconf 77' lang='lat' dir='ltr'><strong>cognatione</strong></span> <span class='ocrx_word' id='word_1_84' title='bbox 724 3659 873 3724; x_wconf 84' lang='lat' dir='ltr'><strong>tenetur.</strong></span> 
     </span>
    </p>
   </div>
   <div class='ocr_carea' id='block_1_12' title="bbox 421 3855 1349 3946">
    <p class='ocr_par' dir='ltr' id='par_1_12' title="bbox 421 3855 1349 3946">
     <span class='ocr_line' id='line_1_15' title="bbox 421 3855 1349 3946; baseline -0.003 -19"><span class='ocrx_word' id='word_1_85' title='bbox 421 3861 469 3930; x_wconf 85' lang='lat' dir='ltr'><strong>At</strong></span> <span class='ocrx_word' id='word_1_86' title='bbox 494 3859 696 3929; x_wconf 88' lang='lat' dir='ltr'><strong>Terentium</strong></span> <span class='ocrx_word' id='word_1_87' title='bbox 720 3877 790 3925; x_wconf 87' lang='lat' dir='ltr'><strong>non</strong></span> <span class='ocrx_word' id='word_1_88' title='bbox 816 3855 1023 3945; x_wconf 85' lang='lat' dir='ltr'><strong>praeteribat</strong></span> <span class='ocrx_word' id='word_1_89' title='bbox 1044 3863 1158 3946; x_wconf 89' lang='lat' dir='ltr'><strong>patres</strong></span> <span class='ocrx_word' id='word_1_90' title='bbox 1180 3875 1254 3924; x_wconf 86' lang='lat' dir='ltr'><strong>esse</strong></span> <span class='ocrx_word' id='word_1_91' title='bbox 1277 3856 1349 3943; x_wconf 91' lang='lat' dir='ltr'><strong>qui,</strong></span> 
     </span>
    </p>
   </div>
   <div class='ocr_carea' id='block_1_13' title="bbox 377 4064 1352 4356">
    <p class='ocr_par' dir='ltr' id='par_1_13' title="bbox 377 4064 1352 4356">
     <span class='ocr_line' id='line_1_16' title="bbox 377 4064 1352 4153; baseline -0.003 -20"><span class='ocrx_word' id='word_1_92' title='bbox 377 4067 457 4137; x_wconf 83' lang='lat' dir='ltr'><strong>lieet</strong></span> <span class='ocrx_word' id='word_1_93' title='bbox 484 4067 575 4136; x_wconf 86' lang='lat' dir='ltr'><strong>vitiis</strong></span> <span class='ocrx_word' id='word_1_94' title='bbox 603 4065 778 4148; x_wconf 83' lang='lat' dir='ltr'><strong>laborent,</strong></span> <span class='ocrx_word' id='word_1_95' title='bbox 811 4084 1031 4153; x_wconf 88' lang='lat' dir='ltr'><strong>nequaquam</strong></span> <span class='ocrx_word' id='word_1_96' title='bbox 1061 4065 1139 4134; x_wconf 87' lang='lat' dir='ltr'><strong>ullis</strong></span> <span class='ocrx_word' id='word_1_97' title='bbox 1174 4064 1352 4152; x_wconf 85' lang='lat' dir='ltr'><strong>indigeant</strong></span> 
     </span>
     <span class='ocr_line' id='line_1_17' title="bbox 378 4267 1352 4356; baseline 0.001 -21"><span class='ocrx_word' id='word_1_98' title='bbox 378 4269 527 4336; x_wconf 74' lang='lat' dir='ltr'><strong>dotibus,</strong></span> <span class='ocrx_word' id='word_1_99' title='bbox 545 4267 657 4346; x_wconf 83' lang='lat' dir='ltr'><strong>Quam</strong></span> <span class='ocrx_word' id='word_1_100' title='bbox 678 4269 722 4336; x_wconf 89' lang='lat' dir='ltr'><strong>eb</strong></span> <span class='ocrx_word' id='word_1_101' title='bbox 741 4289 814 4336; x_wconf 88' lang='lat' dir='ltr'><strong>rem</strong></span> <span class='ocrx_word' id='word_1_102' title='bbox 832 4290 903 4335; x_wconf 90' lang='lat' dir='ltr'><strong>non</strong></span> <span class='ocrx_word' id='word_1_103' title='bbox 922 4270 1093 4337; x_wconf 78' lang='lat' dir='ltr'><strong>commisit</strong></span> <span class='ocrx_word' id='word_1_104' title='bbox 1112 4275 1151 4336; x_wconf 84' lang='lat' dir='ltr'><strong>ut</strong></span> <span class='ocrx_word' id='word_1_105' title='bbox 1170 4290 1238 4353; x_wconf 77' lang='lat' dir='ltr'><strong>eae,</strong></span> <span class='ocrx_word' id='word_1_106' title='bbox 1266 4291 1352 4356; x_wconf 85' lang='lat' dir='ltr'><strong>quas</strong></span> 
     </span>
    </p>
   </div>
   <div class='ocr_carea' id='block_1_14' title="bbox 379 4471 1352 4561">
    <p class='ocr_par' dir='ltr' id='par_1_14' title="bbox 379 4471 1352 4561">
     <span class='ocr_line' id='line_1_18' title="bbox 379 4471 1352 4561; baseline 0.001 -23"><span class='ocrx_word' id='word_1_107' title='bbox 379 4472 413 4538; x_wconf 89' lang='lat' dir='ltr'><strong>in</strong></span> <span class='ocrx_word' id='word_1_108' title='bbox 434 4493 571 4539; x_wconf 78' lang='lat' dir='ltr'><strong>scenam</strong></span> <span class='ocrx_word' id='word_1_109' title='bbox 591 4473 787 4554; x_wconf 77' lang='lat' dir='ltr'><strong>inducebat,</strong></span> <span class='ocrx_word' id='word_1_110' title='bbox 808 4494 969 4561; x_wconf 80' lang='lat' dir='ltr'><strong>personas</strong></span> <span class='ocrx_word' id='word_1_111' title='bbox 990 4473 1085 4540; x_wconf 90' lang='lat' dir='ltr'><strong>omni</strong></span> <span class='ocrx_word' id='word_1_112' title='bbox 1103 4471 1230 4539; x_wconf 86' lang='lat' dir='ltr'><strong>virtute</strong></span> <span class='ocrx_word' id='word_1_113' title='bbox 1246 4493 1352 4539; x_wconf 83' lang='lat' dir='ltr'><strong>exue-</strong></span> 
     </span>
    </p>
   </div>
   <div class='ocr_carea' id='block_1_15' title="bbox 0 0 1824 5632">
    <p class='ocr_par' dir='ltr' id='par_1_15' title="bbox 0 0 1824 5632">
     <span class='ocr_line' id='line_1_19' title="bbox 0 0 1824 5632; baseline 0 0"><span class='ocrx_word' id='word_1_114' title='bbox 0 0 1824 5632; x_wconf 95' lang='lat' dir='ltr'><strong> </strong></span> 
     </span>
    </p>
   </div>
  </div>
 </body>
</html>
