3610 5632
736 767 955 831 ..13-

450 1059 463 1087 ‹<
481 1039 553 1096 Nam
569 999 620 1110 qui
635 1040 751 1108 mentiri
766 1045 816 1097 aui
832 1001 931 1097 fellere
946 1003 1068 1098 insuerit
1083 1045 1208 1113 patrem,
1232 1065 1243 1093 »

450 1245 463 1274 «
479 1186 627 1282 Fraudeire
642 1229 724 1283 tento
739 1188 835 1298 megis
851 1227 972 1286 audebit
987 1189 1099 1285 celteros
1116 1251 1128 1278 u

945 1367 1012 1438 (Ad.
1029 1384 1049 1424 v
1063 1385 1086 1424 S.
1104 1371 1149 1424 55.
1165 1369 1221 1442 56.)

403 1535 491 1602 Tam
502 1542 596 1606 reete
607 1536 798 1617 sentiendo,
808 1537 995 1604 honestatis
1011 1538 1332 1625 appetentissimum

360 1759 395 1806 se
416 1743 578 1826 praestet,
600 1742 645 1820 et,
670 1757 780 1824 quum
800 1737 886 1804 nihil
905 1738 1014 1826 magis
1039 1738 1082 1805 ad
1100 1739 1224 1808 liberos
1248 1740 1331 1808 reti-

359 1929 490 2005 nendos
515 1957 621 2023 quam
644 1937 812 2025 pudorem
836 1944 871 2004 et
897 1936 1137 2006 liberalitatem
1166 1939 1332 2026 proficere

360 2138 488 2222 eredat,
508 2139 580 2227 ipse
603 2139 644 2204 iis
664 2137 850 2206 virtutibus
869 2138 983 2205 valere
1007 2139 1120 2206 debet.
1142 2139 1210 2216 Qui
1233 2161 1333 2227 prae-

359 2347 464 2422 terea,
480 2359 718 2426 quaecumque
733 2339 801 2406 sint
814 2339 973 2406 fortunae
987 2339 1144 2423 ludibria,
1154 2361 1334 2428 nunquam

360 2541 514 2607 animum
542 2540 742 2628 despondet,
767 2540 828 2606 tali
853 2540 956 2606 modo
975 2560 1046 2606 non
1065 2541 1258 2608 inconsulte
1278 2562 1333 2608 ra-

359 2737 528 2804 tiocinans
550 2756 557 2801 :

433 2970 447 2999 α
460 2950 504 3006 Itu
518 2909 606 3006 uitest
619 2949 788 3020 hominum,
805 2910 891 3024 qussi
906 2968 999 3025 quom
1013 2952 1100 3009 ludas
1111 2913 1240 3024 tesseris„
1258 2976 1269 3004 u

315 3121 318 3127 ’
432 3153 446 3182 «
463 3130 492 3188 Si
505 3091 579 3187 illud
595 3131 678 3204 quod
693 3147 835 3190 maxume
850 3094 926 3207 (lopus
942 3139 986 3192 est
998 3135 1076 3192 iaetu
1090 3096 1152 3192 non
1162 3135 1250 3206 eadit,
1266 3157 1279 3186 u

432 3347 444 3377 o
461 3287 538 3383 nidd
553 3326 636 3400 quod
650 3324 754 3383 oeoidit
768 3287 853 3395 forte,
868 3326 899 3383 id
912 3331 974 3384 arte
990 3332 1020 3384 ut
1036 3288 1178 3398 corrigas,
1195 3351 1208 3378 »ι

958 3467 1024 3534 (Au.
1041 3483 1060 3521 v
1074 3483 1098 3522 s,
1115 3470 1166 3522 739
1183 3471 1262 3539 sqq.)
1373 3536 1374 3540 ἵ

405 3634 1331 3724 LeoheS,utperentibusnaturahumanioribusparest‚

360 3836 459 3903 valde
478 3837 606 3924 gaudet
620 3836 714 3923 quod
733 3857 776 3902 ex
793 3833 863 3902 filio
878 3855 984 3922 nepos
1004 3841 1183 3922 suseeptus
1200 3835 1305 3904 fuerit
1325 3856 1331 3902 :

504 4093 517 4121 α
534 4032 621 4126 Hune
636 4070 736 4126 uidere
752 4032 839 4141 saepe
854 4032 1035 4143 optabamus
1050 4072 1141 4141 diem,
1159 4098 1172 4125 »

421 4286 434 4313 α
453 4264 547 4328 Quom
564 4279 598 4318 ex
614 4267 642 4318 te
656 4222 732 4318 esset
747 4261 863 4333 aliquis,
881 4221 931 4332 qui
946 4266 973 4318 te
987 4224 1148 4334 appellaret
1162 4269 1277 4337 patrem
1296 4282 1302 4321 :
1320 4289 1333 4316 »

422 4481 435 4510 u
451 4421 555 4518 Euenit
571 4478 577 4516 ε
593 4460 691 4518 habeo
707 4421 834 4531 gretiam
848 4459 904 4516 dis,
921 4478 934 4514 n
1026 4461 1100 4534 (fleo.
1115 4478 1134 4518 v
1149 4477 1172 4516 s.
1189 4465 1236 4517 651
1256 4461 1334 4536 sqq.)
