3610 5632
841 789 881 800 ..
927 753 971 820 38
1018 789 1057 800 ..

464 979 555 1044 naris
578 977 722 1064 ambigit
748 996 817 1062 quo
846 973 949 1042 mo‘dc
976 996 1058 1063 erga
1083 977 1311 1058 meretricem,
1345 978 1435 1044 anti-

463 1183 580 1270 quitus
599 1183 756 1265 amicam,
780 1202 888 1268 aqua
908 1201 1044 1248 servam
1068 1200 1184 1248 amare
1205 1181 1373 1268 arguitur,
1400 1202 1436 1249 sa

463 1390 610 1454 tractare
628 1383 772 1468 debcat3
793 1385 850 1452 cui
867 1385 974 1472 igitur
992 1382 1183 1453 Gnathonis
1195 1385 1336 1472 parasiti
1353 1404 1437 1453 con-

464 1584 539 1652 silio
558 1604 644 1672 opus
665 1589 728 1652 est.
748 1582 878 1653 Contra
889 1584 1043 1672 pericula
1059 1583 1182 1668 bonus,
1209 1585 1349 1653 Thaidis
1375 1607 1437 1654 vo-

463 1781 588 1852 luntati
607 1781 773 1849 obsistere
793 1800 865 1848 non
884 1782 999 1865 audet,
1026 1789 1130 1870 atqua
1150 1782 1351 1871 Pamphilae
1367 1784 1433 1850 ira-

464 1991 555 2052 trem
575 1983 834 2050 accumberem
857 1983 946 2051 lecto
962 1985 1093 2052 invitus
1115 1985 1207 2068 sinit,
1229 2003 1335 2071 quem
1358 2004 1439 2051 mox

466 2181 789 2265 virihterexturbat,
801 2188 984 2269 postquam
994 2184 1029 2270 (ο
1041 2184 1403 2252 memorabiletactum
1415 2182 1439 2267 t)

466 2404 547 2452 cum
564 2385 700 2472 hospita
718 2403 780 2451 sua
796 2384 834 2450 in
851 2390 1027 2453 certamen
1052 2387 1171 2453 venire
1195 2387 1318 2474 coepit,
1343 2386 1437 2472 quia,

466 2586 547 2654 huic
558 2593 598 2655 ut
608 2605 710 2676 aegre
720 2587 859 2670 faceret,
870 2586 1056 2672 fidicinam,
1072 2588 1314 2658 oblectamenti
1322 2610 1436 2675 causa,

467 2787 576 2856 accire
593 2786 731 2856 volebat
742 2805 753 2872 ;
775 2787 869 2874 quod
890 2794 1098 2878 stratagema
1116 2811 1188 2858 non
1211 2791 1357 2860 amilite
1380 2793 1441 2860 scd

467 2989 653 3077 aparasito
674 2995 775 3057 acute
790 2991 973 3058 inventum
997 2995 1061 3074 est,
1086 2991 1115 3058 si
1135 2991 1220 3061 haec
1241 2993 1442 3062 recoluntur

467 3189 574 3257 verba
595 3209 603 3254 ε

696 3495 770 3530 ......
787 3473 940 3546 Siquando
954 3435 1005 3532 illa
1019 3473 1097 3533 dicat
1113 3494 1127 3526 «
1139 3436 1320 3534 Phaidriam
1335 3496 1349 3526 a
1407 3507 1408 3512 κ

539 3683 554 3714 «
567 3625 648 3722 lutri)
662 3663 814 3722 mittamus
828 3624 1056 3723 cimmissatum
1069 3685 1083 3716 »
1102 3681 1109 3722 :
1124 3627 1312 3739 Pimphilam
1329 3687 1344 3718 a

538 3871 553 3904 c
568 3812 725 3911 (lantitum
739 3813 938 3926 pronosimus
942 3893 1008 3910 ......

539 4030 553 4068 α
567 4017 624 4070 Par
635 3975 691 4087 pri
703 4013 769 4087 pari
781 3975 900 4086 resino,
916 4015 999 4089 quod
1013 4031 1081 4073 eam
1095 3978 1240 4076 mirdeat.
1256 4038 1270 4068 »

973 4155 1058 4223 (Eun.
1075 4170 1095 4209 v
1111 4170 1135 4210 s.
1151 4156 1199 4211 441
1219 4158 1298 4228 sqq.)

513 4382 679 4470 Magistro
711 4385 905 4452 satisfacere
936 4387 1038 4454 debet
1072 4388 1206 4474 sapiens
1239 4388 1437 4475 discipulus.
