3614 5636
798 791 1038 858 —104—

431 1023 527 1105 gatas
546 1037 707 1104 personas
726 1037 816 1084 nove
834 1017 975 1084 inducat
996 1034 1002 1081 :
1026 1021 1061 1084 et
1083 1022 1239 1084 tamena
1260 1036 1407 1085 consue-

432 1216 552 1286 tudine
563 1237 634 1286 non
648 1217 784 1285 recedat
800 1235 807 1281 :
823 1221 947 1304 utputa
958 1215 1175 1284 meretricem
1189 1214 1316 1284 bonam
1328 1235 1407 1284 cum

432 1416 526 1500 facit,
539 1417 773 1504 capiattamen
784 1421 819 1483 et
830 1415 977 1484 delectet
988 1415 1144 1482 animum
1157 1414 1370 1503 spectatoris.
1390 1438 1406 1478 a

435 1615 607 1684 Braunius
624 1616 732 1704 igitur
749 1615 937 1685 rectissime
952 1616 1061 1702 (Eun.
1079 1636 1113 1704 p.
1132 1616 1190 1701 32)
1200 1616 1288 1684 dixit
1308 1635 1315 1683 :
1334 1640 1351 1680 «
1369 1617 1408 1685 Id

436 1818 540 1902 valet,
560 1823 599 1886 ut
612 1817 745 1906 paucas
762 1783 821 1885 aa
840 1815 976 1886 addita
997 1815 1115 1886 uerbis
1140 1837 1270 1886 nocam
1290 1838 1408 1907 quan-

438 2021 525 2088 dam
551 2018 682 2101 faciem
709 2018 906 2087 attribuerit
931 2024 1033 2106 poeta
1056 2017 1228 2086 meretrici
1255 2024 1410 2086 ceterum

437 2223 519 2292 satis
548 2223 706 2311 cognitae
735 2227 770 2292 et
798 2222 1032 2310 pervulgatae.
1063 2243 1080 2284 a
1115 2219 1207 2298 Quid
1238 2220 1332 2290 aliud
1361 2227 1415 2291 est

438 2420 524 2489 haee
534 2441 627 2488 nova
635 2419 739 2488 facies
753 2419 819 2487 nisi
833 2421 1003 2506 quaedam
1016 2419 1255 2488 meretriculae
1264 2419 1411 2488 amantis

438 2621 672 2710 praestantia?
691 2622 842 2690 Amatne
856 2641 977 2690 revera
988 2620 1221 2690 Phaedriam?
1236 2619 1414 2699 Quantum

440 2831 565 2916 potest,
596 2825 687 2893 idest
710 2842 782 2892 non
812 2822 1010 2892 admodum.
1042 2823 1144 2906 Nam,
1176 2828 1216 2891 ut
1246 2821 1412 2910 suspicor,

441 3027 546 3097 Thais
560 3048 598 3097 se
613 3025 701 3096 fallit
717 3025 792 3114 ipsa
813 3044 821 3092 :

867 3312 899 3386 (v
912 3328 937 3370 s.
952 3311 1004 3372 199
1019 3312 1101 3387 sqq.)

990 3548 1056 3569 ......
1057 3510 1116 3570 hoc
1129 3472 1210 3572 oertd
1224 3511 1299 3579 scio,
1314 3532 1330 3565 u

1141 3670 1150 3713 1

514 3732 530 3764 a
544 3715 644 3786 Neque
658 3672 708 3770 md
721 3713 842 3772 fluxisse
855 3675 922 3774 disi
936 3713 1099 3788 quicquam
1113 3726 1211 3786 nequo
1229 3725 1298 3769 meo
1314 3731 1329 3761 s

516 3925 530 3963 a
546 3907 634 3966 cordi
648 3867 712 3967 e¹sse
727 3923 912 3984 quemquam
926 3870 1071 3968 cdriorem
1083 3907 1142 3966 hoc
1156 3867 1311 3967 Phaddria.
1328 3925 1342 3962 a

362 4293 364 4297 .
443 4327 446 4332 Ι
488 4233 583 4302 Num
605 4233 712 4302 verba
735 4232 817 4302 talia
839 4234 958 4323 magni
983 4240 1019 4304 et
1045 4235 1120 4304 veri
1143 4234 1268 4304 amoris
1292 4234 1421 4303 indicia

444 4433 554 4504 suntt
574 4435 678 4503 Thais
696 4411 1036 4533 adolescentemaliis
1056 4435 1267 4504 amatoribus
1282 4440 1418 4504 tantum
