<?xml version="1.0" encoding="UTF-8"?>
<!DOCTYPE html PUBLIC "-//W3C//DTD XHTML 1.0 Transitional//EN"
    "http://www.w3.org/TR/xhtml1/DTD/xhtml1-transitional.dtd">
<html xmlns="http://www.w3.org/1999/xhtml" xml:lang="en" lang="en">
 <head>
  <title>
</title>
<meta http-equiv="Content-Type" content="text/html;charset=utf-8" />
  <meta name='ocr-system' content='tesseract 3.04.00' />
  <meta name='ocr-capabilities' content='ocr_page ocr_carea ocr_par ocr_line ocrx_word'/>
</head>
<body>
  <div class='ocr_page' id='page_1' title='image "./quomodomenandru00vallgoog_0118.png"; bbox 0 0 3614 5636; ppageno 0'>
   <div class='ocr_carea' id='block_1_1' title="bbox 748 809 990 876">
    <p class='ocr_par' dir='ltr' id='par_1_1' title="bbox 748 809 990 876">
     <span class='ocr_line' id='line_1_1' title="bbox 748 809 990 876; baseline 0 0"><span class='ocrx_word' id='word_1_1' title='bbox 748 809 990 876; x_wconf 82' lang='lat'>-107-</span> 
     </span>
    </p>
   </div>
   <div class='ocr_carea' id='block_1_2' title="bbox 383 1028 1356 1118">
    <p class='ocr_par' dir='ltr' id='par_1_2' title="bbox 383 1028 1356 1118">
     <span class='ocr_line' id='line_1_2' title="bbox 383 1028 1356 1118; baseline 0.004 -22"><span class='ocrx_word' id='word_1_2' title='bbox 383 1028 528 1097; x_wconf 90' lang='lat' dir='ltr'><strong>verbum</strong></span> <span class='ocrx_word' id='word_1_3' title='bbox 545 1030 573 1096; x_wconf 92' lang='lat' dir='ltr'><strong>si</strong></span> <span class='ocrx_word' id='word_1_4' title='bbox 591 1029 767 1117; x_wconf 85' lang='lat' dir='ltr'><strong>exemplar</strong></span> <span class='ocrx_word' id='word_1_5' title='bbox 784 1030 1046 1118; x_wconf 80' lang='lat' dir='ltr'><strong>exprimeretur,</strong></span> <span class='ocrx_word' id='word_1_6' title='bbox 1067 1031 1182 1098; x_wconf 87' lang='lat' dir='ltr'><strong>neseio</strong></span> <span class='ocrx_word' id='word_1_7' title='bbox 1200 1031 1284 1118; x_wconf 92' lang='lat' dir='ltr'><strong>quid</strong></span> <span class='ocrx_word' id='word_1_8' title='bbox 1299 1031 1356 1100; x_wconf 87' lang='lat' dir='ltr'><strong>hio</strong></span> 
     </span>
    </p>
   </div>
   <div class='ocr_carea' id='block_1_3' title="bbox 382 1229 1354 1319">
    <p class='ocr_par' dir='ltr' id='par_1_3' title="bbox 382 1229 1354 1319">
     <span class='ocr_line' id='line_1_3' title="bbox 382 1229 1354 1319; baseline 0 -20"><span class='ocrx_word' id='word_1_9' title='bbox 382 1230 592 1300; x_wconf 77' lang='lat' dir='ltr'><strong>Scholiastae</strong></span> <span class='ocrx_word' id='word_1_10' title='bbox 618 1251 731 1300; x_wconf 89' lang='lat' dir='ltr'><strong>sermo</strong></span> <span class='ocrx_word' id='word_1_11' title='bbox 750 1231 816 1300; x_wconf 89' lang='lat' dir='ltr'><strong>sibi</strong></span> <span class='ocrx_word' id='word_1_12' title='bbox 839 1231 955 1300; x_wconf 83' lang='lat' dir='ltr'><strong>vellet.</strong></span> <span class='ocrx_word' id='word_1_13' title='bbox 981 1230 1072 1297; x_wconf 88' lang='lat' dir='ltr'><strong>Nam</strong></span> <span class='ocrx_word' id='word_1_14' title='bbox 1089 1229 1190 1298; x_wconf 83' lang='lat' dir='ltr'><strong>anxie</strong></span> <span class='ocrx_word' id='word_1_15' title='bbox 1208 1229 1354 1319; x_wconf 84' lang='lat' dir='ltr'><strong>diligens</strong></span> 
     </span>
    </p>
   </div>
   <div class='ocr_carea' id='block_1_4' title="bbox 380 1431 1353 1520">
    <p class='ocr_par' dir='ltr' id='par_1_4' title="bbox 380 1431 1353 1520">
     <span class='ocr_line' id='line_1_4' title="bbox 380 1431 1353 1520; baseline 0.001 -22"><span class='ocrx_word' id='word_1_16' title='bbox 380 1431 548 1520; x_wconf 84' lang='lat' dir='ltr'><strong>interpres</strong></span> <span class='ocrx_word' id='word_1_17' title='bbox 559 1452 631 1499; x_wconf 94' lang='lat' dir='ltr'><strong>non</strong></span> <span class='ocrx_word' id='word_1_18' title='bbox 639 1431 732 1500; x_wconf 82' lang='lat' dir='ltr'><strong>felici</strong></span> <span class='ocrx_word' id='word_1_19' title='bbox 742 1431 885 1500; x_wconf 85' lang='lat' dir='ltr'><strong>audacia</strong></span> <span class='ocrx_word' id='word_1_20' title='bbox 898 1431 1008 1500; x_wconf 87' lang='lat' dir='ltr'><strong>utitur</strong></span> <span class='ocrx_word' id='word_1_21' title='bbox 1026 1450 1034 1496; x_wconf 94' lang='lat'><strong>:</strong></span> <span class='ocrx_word' id='word_1_22' title='bbox 1050 1449 1225 1518; x_wconf 77' lang='lat' dir='ltr'><strong>personas,</strong></span> <span class='ocrx_word' id='word_1_23' title='bbox 1240 1449 1353 1518; x_wconf 90' lang='lat' dir='ltr'><strong>neque</strong></span> 
     </span>
    </p>
   </div>
   <div class='ocr_carea' id='block_1_5' title="bbox 375 1627 1352 4303">
    <p class='ocr_par' dir='ltr' id='par_1_5' title="bbox 375 1627 1352 4303">
     <span class='ocr_line' id='line_1_5' title="bbox 380 1627 1352 1715; baseline 0.003 -20"><span class='ocrx_word' id='word_1_24' title='bbox 380 1629 494 1695; x_wconf 90' lang='lat' dir='ltr'><strong>minus</strong></span> <span class='ocrx_word' id='word_1_25' title='bbox 519 1648 632 1715; x_wconf 86' lang='lat' dir='ltr'><strong>noque</strong></span> <span class='ocrx_word' id='word_1_26' title='bbox 651 1627 762 1715; x_wconf 85' lang='lat' dir='ltr'><strong>magis</strong></span> <span class='ocrx_word' id='word_1_27' title='bbox 779 1647 885 1715; x_wconf 90' lang='lat' dir='ltr'><strong>quam</strong></span> <span class='ocrx_word' id='word_1_28' title='bbox 902 1628 945 1694; x_wconf 91' lang='lat' dir='ltr'><strong>ab</strong></span> <span class='ocrx_word' id='word_1_29' title='bbox 963 1634 1102 1696; x_wconf 81' lang='lat' dir='ltr'><strong>auctore</strong></span> <span class='ocrx_word' id='word_1_30' title='bbox 1120 1628 1352 1698; x_wconf 75' lang='lat' dir='ltr'><strong>conformatae</strong></span> 
     </span>
     <span class='ocr_line' id='line_1_6' title="bbox 380 1825 1351 1916; baseline 0.004 -23"><span class='ocrx_word' id='word_1_31' title='bbox 380 1831 472 1910; x_wconf 91' lang='lat' dir='ltr'><strong>sunt,</strong></span> <span class='ocrx_word' id='word_1_32' title='bbox 499 1826 634 1893; x_wconf 89' lang='lat' dir='ltr'><strong>honesti</strong></span> <span class='ocrx_word' id='word_1_33' title='bbox 657 1826 797 1913; x_wconf 87' lang='lat' dir='ltr'><strong>cupidas</strong></span> <span class='ocrx_word' id='word_1_34' title='bbox 820 1825 925 1911; x_wconf 78' lang='lat' dir='ltr'><strong>iaoit;</strong></span> <span class='ocrx_word' id='word_1_35' title='bbox 951 1847 1160 1916; x_wconf 84' lang='lat' dir='ltr'><strong>magnopere</strong></span> <span class='ocrx_word' id='word_1_36' title='bbox 1185 1835 1284 1897; x_wconf 84' lang='lat' dir='ltr'><strong>cavet</strong></span> <span class='ocrx_word' id='word_1_37' title='bbox 1307 1849 1351 1897; x_wconf 91' lang='lat' dir='ltr'><strong>ne</strong></span> 
     </span>
     <span class='ocr_line' id='line_1_7' title="bbox 378 2025 1348 2117; baseline 0.002 -25"><span class='ocrx_word' id='word_1_38' title='bbox 378 2025 567 2113; x_wconf 90' lang='lat' dir='ltr'><strong>quidquam</strong></span> <span class='ocrx_word' id='word_1_39' title='bbox 595 2025 731 2094; x_wconf 85' lang='lat' dir='ltr'><strong>diverse</strong></span> <span class='ocrx_word' id='word_1_40' title='bbox 756 2027 972 2097; x_wconf 83' lang='lat' dir='ltr'><strong>transcribat.</strong></span> <span class='ocrx_word' id='word_1_41' title='bbox 999 2027 1146 2117; x_wconf 84' lang='lat' dir='ltr'><strong>Subjioit</strong></span> <span class='ocrx_word' id='word_1_42' title='bbox 1168 2028 1348 2098; x_wconf 88' lang='lat' dir='ltr'><strong>Donatus:</strong></span> 
     </span>
     <span class='ocr_line' id='line_1_8' title="bbox 378 2225 1350 2314; baseline 0.005 -20"><span class='ocrx_word' id='word_1_43' title='bbox 378 2226 444 2294; x_wconf 83' lang='lat' dir='ltr'><strong>sed</strong></span> <span class='ocrx_word' id='word_1_44' title='bbox 466 2230 570 2295; x_wconf 82' lang='lat' dir='ltr'><strong>tanta</strong></span> <span class='ocrx_word' id='word_1_45' title='bbox 590 2225 781 2314; x_wconf 69' lang='lat' dir='ltr'><strong>oiyilantia</strong></span> <span class='ocrx_word' id='word_1_46' title='bbox 800 2247 1003 2296; x_wconf 81' lang='lat' dir='ltr'><strong>causarum</strong></span> <span class='ocrx_word' id='word_1_47' title='bbox 1020 2233 1055 2298; x_wconf 83' lang='lat' dir='ltr'><strong>et</strong></span> <span class='ocrx_word' id='word_1_48' title='bbox 1070 2231 1257 2300; x_wconf 82' lang='lat' dir='ltr'><strong>rationum</strong></span> <span class='ocrx_word' id='word_1_49' title='bbox 1275 2253 1350 2299; x_wconf 86' lang='lat' dir='ltr'><strong>mo-</strong></span> 
     </span>
     <span class='ocr_line' id='line_1_9' title="bbox 380 2425 1352 2516; baseline 0.004 -22"><span class='ocrx_word' id='word_1_50' title='bbox 380 2432 499 2495; x_wconf 80' lang='lat' dir='ltr'><strong>menta</strong></span> <span class='ocrx_word' id='word_1_51' title='bbox 527 2425 733 2516; x_wconf 74' lang='lat' dir='ltr'><strong>sobjnnaa,</strong></span> <span class='ocrx_word' id='word_1_52' title='bbox 764 2431 804 2495; x_wconf 84' lang='lat' dir='ltr'><strong>ut</strong></span> <span class='ocrx_word' id='word_1_53' title='bbox 835 2428 870 2496; x_wconf 85' lang='lat' dir='ltr'><strong>ei</strong></span> <span class='ocrx_word' id='word_1_54' title='bbox 894 2427 966 2497; x_wconf 81' lang='lat' dir='ltr'><strong>soti</strong></span> <span class='ocrx_word' id='word_1_55' title='bbox 994 2429 1120 2499; x_wconf 80' lang='lat' dir='ltr'><strong>merito</strong></span> <span class='ocrx_word' id='word_1_56' title='bbox 1156 2427 1352 2500; x_wconf 79' lang='lat' dir='ltr'><strong>uideantur</strong></span> 
     </span>
     <span class='ocr_line' id='line_1_10' title="bbox 378 2626 1347 2715; baseline 0.002 -23"><span class='ocrx_word' id='word_1_57' title='bbox 378 2626 499 2694; x_wconf 83' lang='lat' dir='ltr'><strong>omnin</strong></span> <span class='ocrx_word' id='word_1_58' title='bbox 519 2627 636 2695; x_wconf 81' lang='lat' dir='ltr'><strong>licere.</strong></span> <span class='ocrx_word' id='word_1_59' title='bbox 661 2626 738 2694; x_wconf 85' lang='lat' dir='ltr'><strong>Hoc</strong></span> <span class='ocrx_word' id='word_1_60' title='bbox 756 2646 861 2715; x_wconf 88' lang='lat' dir='ltr'><strong>quam</strong></span> <span class='ocrx_word' id='word_1_61' title='bbox 880 2627 985 2695; x_wconf 91' lang='lat' dir='ltr'><strong>habet</strong></span> <span class='ocrx_word' id='word_1_62' title='bbox 1002 2627 1085 2710; x_wconf 91' lang='lat' dir='ltr'><strong>vim,</strong></span> <span class='ocrx_word' id='word_1_63' title='bbox 1109 2626 1176 2694; x_wconf 91' lang='lat' dir='ltr'><strong>nisi</strong></span> <span class='ocrx_word' id='word_1_64' title='bbox 1192 2627 1286 2714; x_wconf 90' lang='lat' dir='ltr'><strong>quod</strong></span> <span class='ocrx_word' id='word_1_65' title='bbox 1303 2628 1347 2710; x_wconf 91' lang='lat' dir='ltr'><strong>ei,</strong></span> 
     </span>
     <span class='ocr_line' id='line_1_11' title="bbox 377 2825 1350 2914; baseline -0.005 -17"><span class='ocrx_word' id='word_1_66' title='bbox 377 2830 406 2897; x_wconf 92' lang='lat' dir='ltr'><strong>si</strong></span> <span class='ocrx_word' id='word_1_67' title='bbox 437 2831 552 2897; x_wconf 89' lang='lat' dir='ltr'><strong>minus</strong></span> <span class='ocrx_word' id='word_1_68' title='bbox 580 2828 784 2898; x_wconf 85' lang='lat' dir='ltr'><strong>artificiosus</strong></span> <span class='ocrx_word' id='word_1_69' title='bbox 813 2837 915 2914; x_wconf 88' lang='lat' dir='ltr'><strong>esset,</strong></span> <span class='ocrx_word' id='word_1_70' title='bbox 944 2850 1015 2898; x_wconf 89' lang='lat' dir='ltr'><strong>non</strong></span> <span class='ocrx_word' id='word_1_71' title='bbox 1040 2829 1157 2898; x_wconf 89' lang='lat' dir='ltr'><strong>omnia</strong></span> <span class='ocrx_word' id='word_1_72' title='bbox 1181 2825 1350 2896; x_wconf 75' lang='lat' dir='ltr'><strong>linerent?</strong></span> 
     </span>
     <span class='ocr_line' id='line_1_12' title="bbox 376 3027 1350 3118; baseline -0.002 -22"><span class='ocrx_word' id='word_1_73' title='bbox 376 3030 467 3096; x_wconf 89' lang='lat' dir='ltr'><strong>Nam</strong></span> <span class='ocrx_word' id='word_1_74' title='bbox 479 3048 661 3098; x_wconf 81' lang='lat' dir='ltr'><strong>causarum</strong></span> <span class='ocrx_word' id='word_1_75' title='bbox 675 3031 918 3118; x_wconf 80' lang='lat' dir='ltr'><strong>rationumque</strong></span> <span class='ocrx_word' id='word_1_76' title='bbox 929 3029 1114 3099; x_wconf 91' lang='lat' dir='ltr'><strong>momentis</strong></span> <span class='ocrx_word' id='word_1_77' title='bbox 1123 3027 1350 3114; x_wconf 80' lang='lat' dir='ltr'><strong>oaliidajune·</strong></span> 
     </span>
     <span class='ocr_line' id='line_1_13' title="bbox 376 3228 1349 3317; baseline -0.001 -21"><span class='ocrx_word' id='word_1_78' title='bbox 376 3233 455 3296; x_wconf 88' lang='lat' dir='ltr'><strong>tura</strong></span> <span class='ocrx_word' id='word_1_79' title='bbox 476 3228 683 3313; x_wconf 71' lang='lat' dir='ltr'><strong>carentibus</strong></span> <span class='ocrx_word' id='word_1_80' title='bbox 703 3229 819 3296; x_wconf 87' lang='lat' dir='ltr'><strong>omnia</strong></span> <span class='ocrx_word' id='word_1_81' title='bbox 841 3247 1080 3317; x_wconf 80' lang='lat' dir='ltr'><strong>quaecumque</strong></span> <span class='ocrx_word' id='word_1_82' title='bbox 1099 3228 1137 3295; x_wconf 93' lang='lat' dir='ltr'><strong>in</strong></span> <span class='ocrx_word' id='word_1_83' title='bbox 1159 3228 1349 3297; x_wconf 86' lang='lat' dir='ltr'><strong>meretricis</strong></span> 
     </span>
     <span class='ocr_line' id='line_1_14' title="bbox 376 3426 1348 3513; baseline 0 -18"><span class='ocrx_word' id='word_1_84' title='bbox 376 3449 489 3498; x_wconf 87' lang='lat' dir='ltr'><strong>mores</strong></span> <span class='ocrx_word' id='word_1_85' title='bbox 507 3450 597 3499; x_wconf 89' lang='lat' dir='ltr'><strong>nove</strong></span> <span class='ocrx_word' id='word_1_86' title='bbox 613 3429 814 3513; x_wconf 86' lang='lat' dir='ltr'><strong>insinuavit,</strong></span> <span class='ocrx_word' id='word_1_87' title='bbox 834 3428 977 3496; x_wconf 89' lang='lat' dir='ltr'><strong>minime</strong></span> <span class='ocrx_word' id='word_1_88' title='bbox 998 3427 1167 3496; x_wconf 67' lang='lat' dir='ltr'><strong>naturalia</strong></span> <span class='ocrx_word' id='word_1_89' title='bbox 1188 3426 1348 3496; x_wconf 85' lang='lat' dir='ltr'><strong>videren-</strong></span> 
     </span>
     <span class='ocr_line' id='line_1_15' title="bbox 376 3626 1348 3723; baseline -0.006 -23"><span class='ocrx_word' id='word_1_90' title='bbox 376 3640 444 3716; x_wconf 89' lang='lat' dir='ltr'><strong>tur,</strong></span> <span class='ocrx_word' id='word_1_91' title='bbox 464 3634 623 3723; x_wconf 88' lang='lat' dir='ltr'><strong>ideoque‚</strong></span> <span class='ocrx_word' id='word_1_92' title='bbox 649 3638 690 3702; x_wconf 95' lang='lat' dir='ltr'><strong>ut</strong></span> <span class='ocrx_word' id='word_1_93' title='bbox 709 3629 884 3720; x_wconf 89' lang='lat' dir='ltr'><strong>quondam</strong></span> <span class='ocrx_word' id='word_1_94' title='bbox 902 3632 995 3720; x_wconf 88' lang='lat' dir='ltr'><strong>apud</strong></span> <span class='ocrx_word' id='word_1_95' title='bbox 1011 3633 1220 3719; x_wconf 79' lang='lat' dir='ltr'><strong>spectatores</strong></span> <span class='ocrx_word' id='word_1_96' title='bbox 1238 3626 1348 3696; x_wconf 80' lang='lat' dir='ltr'><strong>otien-</strong></span> 
     </span>
     <span class='ocr_line' id='line_1_16' title="bbox 376 3828 1349 3924; baseline -0.007 -20"><span class='ocrx_word' id='word_1_97' title='bbox 376 3837 517 3918; x_wconf 90' lang='lat' dir='ltr'><strong>dissent,</strong></span> <span class='ocrx_word' id='word_1_98' title='bbox 536 3854 631 3904; x_wconf 87' lang='lat' dir='ltr'><strong>nuno</strong></span> <span class='ocrx_word' id='word_1_99' title='bbox 652 3834 744 3923; x_wconf 89' lang='lat' dir='ltr'><strong>apud</strong></span> <span class='ocrx_word' id='word_1_100' title='bbox 766 3835 1008 3924; x_wconf 79' lang='lat' dir='ltr'><strong>grammaticos</strong></span> <span class='ocrx_word' id='word_1_101' title='bbox 1027 3832 1253 3905; x_wconf 82' lang='lat' dir='ltr'><strong>offenderent.</strong></span> <span class='ocrx_word' id='word_1_102' title='bbox 1278 3828 1349 3898; x_wconf 85' lang='lat' dir='ltr'><strong>Sed</strong></span> 
     </span>
     <span class='ocr_line' id='line_1_17' title="bbox 375 4031 1348 4122; baseline -0.001 -22"><span class='ocrx_word' id='word_1_103' title='bbox 375 4033 498 4101; x_wconf 87' lang='lat' dir='ltr'><strong>ultima</strong></span> <span class='ocrx_word' id='word_1_104' title='bbox 519 4031 665 4102; x_wconf 82' lang='lat' dir='ltr'><strong>feliciter</strong></span> <span class='ocrx_word' id='word_1_105' title='bbox 685 4033 811 4102; x_wconf 87' lang='lat' dir='ltr'><strong>audere</strong></span> <span class='ocrx_word' id='word_1_106' title='bbox 832 4033 957 4122; x_wconf 89' lang='lat' dir='ltr'><strong>potuit,</strong></span> <span class='ocrx_word' id='word_1_107' title='bbox 977 4032 1059 4120; x_wconf 90' lang='lat' dir='ltr'><strong>quia</strong></span> <span class='ocrx_word' id='word_1_108' title='bbox 1081 4032 1205 4101; x_wconf 89' lang='lat' dir='ltr'><strong>ultima</strong></span> <span class='ocrx_word' id='word_1_109' title='bbox 1226 4032 1348 4100; x_wconf 91' lang='lat' dir='ltr'><strong>verisi-</strong></span> 
     </span>
     <span class='ocr_line' id='line_1_18' title="bbox 376 4231 1346 4303; baseline -0.005 -4"><span class='ocrx_word' id='word_1_110' title='bbox 376 4233 470 4299; x_wconf 90' lang='lat' dir='ltr'><strong>milia</strong></span> <span class='ocrx_word' id='word_1_111' title='bbox 487 4232 600 4300; x_wconf 80' lang='lat' dir='ltr'><strong>taoere</strong></span> <span class='ocrx_word' id='word_1_112' title='bbox 614 4233 741 4303; x_wconf 79' lang='lat' dir='ltr'><strong>calluit.</strong></span> <span class='ocrx_word' id='word_1_113' title='bbox 757 4231 817 4302; x_wconf 87' lang='lat' dir='ltr'><strong>Sio</strong></span> <span class='ocrx_word' id='word_1_114' title='bbox 835 4232 970 4302; x_wconf 89' lang='lat' dir='ltr'><strong>Donato</strong></span> <span class='ocrx_word' id='word_1_115' title='bbox 986 4255 1003 4296; x_wconf 91' lang='lat'>«</span> <span class='ocrx_word' id='word_1_116' title='bbox 1018 4233 1141 4303; x_wconf 76' lang='lat' dir='ltr'><strong>artifex</strong></span> <span class='ocrx_word' id='word_1_117' title='bbox 1158 4251 1346 4300; x_wconf 85' lang='lat' dir='ltr'><strong>summus»</strong></span> 
     </span>
    </p>
   </div>
   <div class='ocr_carea' id='block_1_6' title="bbox 374 4431 1348 4522">
    <p class='ocr_par' dir='ltr' id='par_1_6' title="bbox 374 4431 1348 4522">
     <span class='ocr_line' id='line_1_19' title="bbox 374 4431 1348 4522; baseline -0.006 -20"><span class='ocrx_word' id='word_1_118' title='bbox 374 4451 447 4503; x_wconf 85' lang='lat' dir='ltr'><strong>non</strong></span> <span class='ocrx_word' id='word_1_119' title='bbox 473 4431 671 4516; x_wconf 85' lang='lat' dir='ltr'><strong>haberetur,</strong></span> <span class='ocrx_word' id='word_1_120' title='bbox 701 4433 730 4500; x_wconf 89' lang='lat' dir='ltr'><strong>si</strong></span> <span class='ocrx_word' id='word_1_121' title='bbox 757 4432 902 4501; x_wconf 90' lang='lat' dir='ltr'><strong>liberet</strong></span> <span class='ocrx_word' id='word_1_122' title='bbox 926 4432 1077 4522; x_wconf 85' lang='lat' dir='ltr'><strong>prudens</strong></span> <span class='ocrx_word' id='word_1_123' title='bbox 1102 4431 1254 4500; x_wconf 83' lang='lat' dir='ltr'><strong>imitator</strong></span> <span class='ocrx_word' id='word_1_124' title='bbox 1277 4450 1348 4498; x_wconf 87' lang='lat' dir='ltr'><strong>non</strong></span> 
     </span>
    </p>
   </div>
   <div class='ocr_carea' id='block_1_7' title="bbox 0 0 1812 5636">
    <p class='ocr_par' dir='ltr' id='par_1_7' title="bbox 0 0 1812 5636">
     <span class='ocr_line' id='line_1_20' title="bbox 0 0 1812 5636; baseline 0 4"><span class='ocrx_word' id='word_1_125' title='bbox 0 0 1812 5636; x_wconf 95' lang='lat' dir='ltr'><strong> </strong></span> 
     </span>
    </p>
   </div>
  </div>
 </body>
</html>
