3610 5632
853 781 1049 840 -8..

465 1016 680 1102 aliquantum
701 1014 795 1080 domi
821 1013 979 1088 oblatret,
1006 1013 1076 1079 suis
1102 1014 1315 1080 adversetur.
1343 1012 1433 1078 Vide

464 1223 581 1284 autem
611 1221 740 1303 quanta
765 1216 809 1282 sit
839 1216 988 1284 Demeae
1016 1214 1151 1282 nullum
1179 1213 1273 1279 aliud
1302 1218 1434 1280 rectum

464 1416 531 1482 nisi
559 1435 660 1482 suum
689 1415 885 1483 institutum
908 1414 1061 1502 putantis
1090 1415 1276 1496 dementia,
1308 1419 1438 1499 quanta

466 1616 628 1684 caecitate
652 1617 743 1684 idem
766 1615 945 1699 afficiatur,
971 1619 1090 1704 quise
1115 1623 1186 1684 tam
1207 1618 1436 1732 perspicacem

467 1819 540 1888 esse
569 1842 772 1909 persuasum
801 1821 917 1903 habet,
947 1827 987 1888 ut
1015 1821 1076 1888 filii
1107 1820 1248 1888 consilia
1275 1841 1335 1887 sex
1360 1821 1441 1887 totis

467 2022 644 2091 mensibus
664 2022 810 2090 olfaciat.
834 2019 904 2092 Sed
922 2041 993 2087 non
1013 2041 1260 2108 usquequaque
1291 2020 1439 2108 desipit;

467 2244 550 2291 nam
570 2222 652 2313 Syri
663 2224 781 2292 dolum
796 2225 1002 2313 praemetuit
1023 2243 1030 2289 :
1053 2225 1142 2310 (Ad.
1167 2246 1189 2291 v
1208 2245 1236 2290 s.
1256 2225 1333 2293 560.
1364 2225 1443 2311 561)

1037 2523 1039 2528 ⁴
1148 2533 1156 2584 1

719 2613 830 2630 .......
850 2575 914 2630 Non
927 2576 960 2630 tu
975 2588 1045 2630 eum
1060 2589 1111 2630 rus
1125 2573 1195 2630 hinc
1211 2571 1303 2630 modo

579 2721 713 2818 Prdduxe
728 2758 835 2816 aibas?

517 3043 608 3120 Quid
639 3041 815 3125 Chremes
839 3040 1043 3130 Clitiphonis
1071 3047 1180 3130 pater,
1212 3043 1322 3110 facit?
1356 3043 1448 3110 Huic

474 3247 661 3334 prudenter
679 3246 811 3330 suadet,
830 3254 869 3314 ut
886 3268 928 3314 ex
945 3247 1091 3318 aliorum
1109 3252 1241 3319 eventis
1260 3251 1447 3321 utilitatem

475 3449 587 3538 capiat
599 3468 609 3534 ;
636 3451 713 3518 ideo
739 3470 820 3518 sane
844 3449 1036 3518 laudandus
1061 3461 1114 3521 est
1126 3472 1136 3537 ;
1163 3455 1224 3524 sed
1242 3457 1274 3524 ei
1295 3457 1448 3526 facinora

476 3672 538 3718 sua
563 3657 640 3739 post
663 3652 783 3720 vinum
809 3657 940 3720 temere
960 3660 1088 3736 narrat,
1114 3655 1219 3722 etsie
1246 3655 1316 3724 filio
1341 3658 1448 3726 vitam

477 3854 613 3942 retegit,
641 3874 746 3942 quam
777 3876 858 3923 eum
890 3855 1000 3924 celzire
1038 3857 1169 3926 nititur.
1203 3859 1450 3930 Menedemum

478 4054 582 4122 etiam
598 4055 727 4142 optime
744 4061 874 4139 monet,
894 4062 934 4125 ut
955 4058 1099 4127 nimiam
1119 4059 1314 4149 largitatem
1341 4085 1450 4151 aeque

479 4278 518 4325 ae
542 4257 764 4325 tenacitatem
786 4257 907 4346 fugiat,
938 4260 1171 4346 prohibiturus
1204 4283 1248 4330 ne
1275 4261 1386 4331 Clinia
1417 4266 1453 4332 in

478 4459 606 4547 flagitia
624 4460 787 4548 rapiatur,
