3614 5636
774 785 1064 858 -103-¹

450 1011 516 1080 Cui
532 1009 674 1100 Chrysis
689 1010 876 1078 consimilis
893 1029 968 1078 esse
979 1010 1137 1080 debebat.
1153 1011 1290 1079 Nomen
1304 1013 1378 1100 ejus

404 1209 533 1280 indicat
550 1209 635 1297 quid
652 1210 765 1279 solum
778 1234 894 1281 amare
905 1219 1032 1302 posset.
1051 1214 1180 1282 Idcirco
1191 1216 1294 1304 hujus
1309 1225 1377 1286 stu-

404 1402 500 1472 dium
523 1405 561 1472 in
588 1403 867 1476 Chaerestratum
888 1411 1125 1480 simulabatur.
1150 1413 1183 1479 A
1209 1413 1378 1503 Chryside

403 1601 604 1672 aviditatem
622 1610 657 1673 et
671 1625 734 1693 per
750 1605 912 1691 fallaciae,
933 1610 1082 1678 maxime
1102 1631 1164 1700 per
1181 1614 1376 1700 persuasio-

401 1822 482 1870 nem
503 1805 691 1892 potentiam
707 1813 886 1876 mutuatus
904 1815 957 1876 est
975 1811 1168 1879 Terentina.
1189 1810 1261 1879 Sed
1270 1812 1376 1880 Thai-

401 2001 481 2070 dem
505 2025 603 2072 suam
628 2005 729 2092 paulo
755 2008 865 2094 magis
892 2007 1121 2077 blandidicam
1144 2011 1305 2095 reddidit,
1339 2020 1376 2081 ut

400 2221 444 2273 ex
461 2202 589 2272 scholio
606 2204 717 2289 (Eun.
739 2205 766 2272 1.
789 2226 822 2274 u.
843 2207 900 2292 15)
917 2215 1083 2296 apparet:

488 2526 501 2556 ι(
517 2508 557 2563 Ne
571 2466 670 2565 crireia
683 2511 711 2565 te
725 2507 861 2577 obsecro,
875 2469 973 2565 ianime
987 2512 1035 2580 mi,
1050 2512 1088 2565 mi
1103 2473 1255 2570 Phaedria.
1272 2533 1286 2563 n

443 2743 507 2833 Mi]
530 2769 546 2807 u
571 2745 661 2813 Vide
684 2766 788 2832 quarn
811 2745 1024 2813 familiariter
1045 2745 1110 2813 hcc
1132 2746 1224 2812 idem
1248 2747 1372 2833 repetit

401 2947 686 3018 blandimentum.
698 2949 785 3016 Vult
796 2950 889 3017 enim
900 2950 1081 3017 Terentius
1096 2948 1193 3016 velut
1201 2929 1372 3036 peculiare

399 3151 545 3218 verbum
563 3151 629 3218 hec
640 3171 714 3218 esse
727 3152 878 3219 Thaidis.
895 3151 975 3219 ldeo
989 3151 1115 3220 totiens
1128 3152 1333 3220 dictumest.
1353 3173 1369 3213 u

399 3347 492 3426 Quin
509 3350 614 3418 etiam
630 3351 719 3418 hanc
736 3351 914 3419 meliorem
931 3348 1013 3419 fecit
1036 3370 1043 3416 :

803 3595 835 3666 (1.
852 3612 881 3651 n.
897 3612 914 3652 v
929 3612 954 3652 s.
971 3599 1031 3651 117.
1050 3593 1122 3667 118.)

452 3804 466 3833 n
481 3787 523 3842 Me
538 3745 689 3856 miseram,
703 3783 804 3842 forsan
818 3745 867 3842 hie
880 3783 954 3841 mihi
966 3798 1094 3858 paruam
1103 3744 1213 3840 haberit
1226 3779 1319 3836 fidem

837 3931 845 3972 1

451 3990 466 4021 α
480 3971 575 4040 Atque
590 3929 627 4026 iex
640 3969 767 4027 aliarum
779 3968 906 4040 ingenus
920 3983 1001 4026 nunc
1015 3985 1064 4026 me
1078 3930 1196 4026 iidieet.
1213 3990 1227 4018 n

441 4201 542 4279 Quod
572 4201 799 4271 Scholiastam
825 4202 967 4270 minime
993 4203 1220 4290 praeterivit:
1257 4225 1274 4263 u
1304 4203 1372 4270 Hic

397 4402 579 4496 Terentius
586 4425 736 4496 ostendit
747 4426 885 4494 virtutis
897 4446 979 4492 suae
990 4424 1057 4494 hoc
1070 4446 1156 4508 esse,
1176 4431 1217 4493 ut
1230 4424 1370 4512 pervul-
