3614 5636
825 740 1047 806 ..82-

521 961 556 1035 (ἓν
577 961 731 1034 Ἐπικλήρῳ)
746 961 786 1016 Ἢ
801 963 838 1015 δεῖ
851 965 895 1030 ζῆν
911 961 987 1034 μόνον

574 1104 589 1171 ἢ
604 1105 699 1174 πατέρα
712 1104 807 1156 παίδων
822 1098 950 1157 ἀποθανεῖν
965 1104 1137 1189 γεννωμένων.

574 1245 639 1298 οὕτω
654 1243 683 1299 τὸ
698 1245 759 1317 μετὰ
772 1245 891 1300 ταῦτ’ἔστι
905 1250 949 1300 τοῦ
963 1247 1016 1316 βίον
1030 1245 1128 1317 πικρόν.

495 1540 613 1611 Verba
626 1542 775 1610 Demeae
792 1540 967 1610 lenissima
983 1541 1145 1610 videntur
1157 1562 1239 1631 prae
1258 1541 1312 1610 his
1326 1563 1422 1611 ama-

450 1741 592 1809 rissimis
611 1761 699 1828 quae
711 1739 898 1809 ostendunt
914 1747 1044 1829 quanta
1053 1741 1091 1808 in
1105 1740 1288 1810 Menandri
1299 1741 1424 1811 fabulis

451 1941 619 2016 acerbitas
635 1947 769 2035 paterni
788 1946 902 2016 luctus
920 1952 1022 2016 esset.

496 2150 536 2218 ln
558 2150 685 2219 Poetae
703 2151 802 2219 latini
823 2151 1008 2219 comoediis
1032 2171 1131 2219 senes
1155 2151 1199 2218 ad
1216 2152 1424 2222 maledicen-

451 2352 536 2420 dum
555 2351 756 2421 mulieribus
768 2351 999 2421 consentiunt.
1020 2351 1187 2421 Chremes
1203 2372 1260 2421 eas
1276 2352 1425 2441 pecudes

451 2573 525 2622 esse
543 2558 670 2643 putat:
787 2563 789 2566 ’

811 2773 1005 2846 (heautontim.
1020 2788 1040 2830 v
1053 2787 1078 2830 s.
1095 2774 1158 2830 642.
1174 2772 1248 2845 643.)

453 2964 468 2996 «
483 2904 560 3012 Quid
574 2960 642 3001 eum
656 2943 711 3001 illis
725 2943 762 3017 (1)
778 2905 861 3016 agria,
872 2944 924 3018 qui
938 2959 1037 3017 neque
1045 2911 1093 3001 ius
1102 2905 1200 3018 nique
1209 2944 1325 3001 honum
1336 2949 1425 3018 atque

1121 3028 1260 3140 [aequim
1274 3068 1395 3126 sciunt?
1409 3089 1424 3120 ν

453 3261 468 3292 «
481 3200 581 3299 uilius
594 3238 690 3313 peius,
705 3201 798 3313 priuit
811 3239 899 3312 obsit,
914 3201 957 3297 ml
970 3240 1074 3299 uident
1085 3240 1143 3299 nisi
1157 3202 1240 3314 quiid
1254 3241 1347 3300 lubet.
1364 3263 1378 3293 ν

487 3558 525 3631 (l)
541 3558 623 3625 Quae
636 3558 780 3616 sententia
794 3557 834 3616 ad
849 3557 988 3616 mulieres
1001 3557 1139 3617 universa
1154 3557 1312 3617 hominum
1327 3557 1425 3634 speeie

451 3700 571 3761 indutas
592 3702 744 3761 evidenter
756 3702 892 3777 pertinet,
911 3717 973 3760 non
988 3702 1028 3760 ad
1048 3707 1205 3774 amatores,
1220 3702 1305 3761 sicuti
1324 3702 1425 3777 posuit

451 3843 482 3900 in
496 3843 735 3917 interpretatione
745 3861 798 3902 sua
809 3844 1007 3919 calphurnius
1017 3848 1061 3902 lv.
1075 3861 1095 3902 1.
1110 3848 1144 3902 29
1161 3861 1196 3902 2«
1209 3848 1362 3904 Amatores
1371 3844 1424 3902 de·

450 3989 558 4061 signat,
574 3989 626 4062 qui
639 3989 713 4047 nihil
722 3990 806 4064 pensi
820 3990 933 4049 hahent
943 3993 1075 4064 expertes
1086 3989 1162 4076 juris
1172 3993 1200 4048 et
1213 3988 1311 4047 omnis
1321 3988 1424 4063 aequi-

450 4132 540 4190 tatis:
561 4148 597 4189 ea
608 4131 673 4189 sola
689 4136 768 4190 reeta
781 4135 888 4204 putant
906 4147 984 4205 quae
998 4131 1054 4188 illis
1072 4130 1222 4188 libuerint.
1240 4153 1253 4182 ν
1274 4135 1359 4202 Nam,
1374 4129 1424 4187 ubi

450 4274 582 4348 primum
593 4235 731 4331 Chremes
746 4273 866 4332 stultam
876 4273 976 4331 uxoris
991 4289 1063 4332 suae
1072 4273 1280 4346 cogitationem
1298 4296 1312 4325 «
1332 4273 1423 4342 Quid·

452 4417 498 4474 uis
513 4417 583 4476 satis
597 4421 650 4490 est,
666 4417 740 4474 dum
756 4417 838 4476 uiuat
849 4417 942 4476 modo
957 4439 971 4469 ν
988 4417 1134 4491 pateleeit,
1150 4432 1211 4475 nou
1225 4417 1273 4474 hie
1284 4417 1368 4476 loeus
1382 4421 1425 4475 est
