3610 5632
801 717 1020 780 „40-

425 945 516 1012 diota
527 945 597 1030 jam
617 943 700 1010 nihii
715 944 841 1029 sperari
858 945 983 1025 sinunt,
1005 945 1150 1011 fluctuat
1165 945 1298 1011 Thraso
1324 953 1359 1012 et
1379 967 1395 1011 a

426 1141 609 1210 Gnathone
625 1141 712 1228 petit
730 1141 815 1227 quid
832 1141 898 1207 sibi
915 1140 1179 1224 faciendumst,
1200 1142 1285 1210 adeo
1298 1144 1399 1212 timet
1517 1225 1520 1231 Ι

425 1355 470 1403 ue
479 1335 522 1402 ad
533 1333 701 1422 praelium
715 1335 904 1422 subigatur.
921 1334 1091 1424 Legatum
1103 1356 1205 1404 suum
1219 1337 1397 1406 reditionis

426 1539 569 1606 domum
583 1541 757 1604 auctorem
773 1555 847 1604 esse
867 1538 1006 1624 gaudet,
1027 1545 1062 1606 et
1080 1558 1160 1607 cum
1178 1541 1398 1628 imperatoria

426 1715 595 1804 dignitate
613 1715 696 1784 dioit
716 1735 723 1781 ε
746 1715 857 1783 «Vos
881 1737 938 1784 me
959 1717 1024 1785 hae
1046 1719 1241 1808 sequimini.
1270 1743 1286 1782 »
1314 1719 1397 1804 Sed,

427 1925 467 1987 ut
484 1920 517 1987 ei
535 1918 622 1987 nihil
640 1919 776 2008 longius
789 1924 843 1988 est
859 1940 965 2006 quam
976 1926 1016 1990 ut
1032 1942 1100 2010 pax
1109 1921 1181 2006 fiat,
1202 1943 1295 1991 nuno
1305 1943 1401 1990 arma

428 2123 563 2190 tradere
581 2128 718 2211 paratus
732 2122 776 2189 ad
787 2123 923 2190 hostem
937 2124 1090 2205 revertit,
1109 2122 1401 2215 defendensHer-

429 2324 542 2392 oulem
562 2322 751 2410 Omphalae
771 2325 934 2411 potestati
958 2344 994 2392 se
1018 2324 1225 2411 permisisse.
1254 2321 1402 2392 Cuinam

429 2548 511 2617 ergo
539 2527 752 2596 Thrasonem
782 2549 819 2595 se
846 2526 970 2595 Thaidi
998 2526 1167 2594 dedidisse
1195 2523 1401 2613 displiceat?

431 2730 587 2816 Denique
610 2728 653 2796 ad
670 2727 851 2815 impeditas
874 2748 927 2795 res
946 2726 1174 2816 expediendas
1198 2724 1399 2792 administro

431 2931 613 3000 Gnathone
637 2909 765 3014 utiturj
786 2951 847 3019 per
871 2950 977 3018 quem
1005 2930 1121 2998 omnia
1143 2935 1400 3016 romponuntur

430 3133 605 3220 impendio
627 3131 757 3215 militis,
788 3154 804 3192 α
825 3131 975 3199 hominis
1002 3129 1126 3218 perditi
1148 3129 1333 3218 miserique
1368 3153 1399 3212 u,

430 3333 491 3420 qui
509 3351 644 3422 semper
657 3332 844 3401 admirator
860 3331 913 3400 sui
922 3351 992 3399 non
1006 3331 1141 3400 dubitat
1153 3331 1239 3418 quin
1251 3330 1399 3398 admira-

431 3533 560 3601 tionem
581 3536 730 3600 moveat.

477 3730 537 3799 Sie
558 3731 746 3801 deridicula
766 3733 865 3802 istius
883 3754 1049 3822 personae
1068 3735 1208 3806 fatuitas
1228 3736 1401 3823 periaoete
1444 3833 1449 3841 Ι

433 3929 539 3998 oculis
556 3930 745 4019 subjicitur.
