3614 5636
746 764 963 832 ..67-

370 987 499 1074 ubique
513 1007 571 1055 eos
579 987 774 1070 Terentius
789 988 849 1075 qui
859 989 1107 1056 consuetudine
1114 990 1312 1058 vincuntur.
1325 1013 1342 1054 »

372 1185 473 1255 Certe
493 1209 513 1256 a
530 1187 665 1256 Donato
684 1189 720 1255 id
736 1209 807 1255 non
824 1189 1046 1257 observatum
1060 1197 1161 1274 esset,
1182 1192 1248 1259 nisi
1262 1193 1346 1280 quid

373 1390 579 1497 discriminis
600 1393 691 1460 inter
715 1399 902 1480 utrumque
928 1399 1066 1481 poetam
1081 1394 1118 1461 in
1136 1394 1209 1482 ejus
1230 1393 1346 1462 oculos

374 1587 584 1656 incurrisset.

418 1789 492 1857 Nec
510 1789 566 1856 hic
585 1789 681 1857 locus
702 1795 812 1859 estut
834 1791 1017 1878 quisquam
1037 1792 1183 1859 miretur
1204 1812 1267 1860 cur
1284 1812 1349 1880 ego

374 1989 489 2077 quoad
514 1989 746 2058 Menandrum
768 1990 834 2058 hac
856 1990 1139 2078 interpretatione
1160 1991 1262 2074 nitar,
1288 1990 1350 2060 ubi

376 2189 608 2278 Apollodorus
631 2191 767 2257 citatur.
795 2188 935 2258 Etenim
955 2191 1114 2276 quamvis
1132 2211 1204 2258 non
1223 2192 1347 2277 dicam,

376 2399 416 2461 ut
447 2391 559 2476 Kohl,
593 2415 610 2454 a
647 2390 773 2460 Donati
801 2398 957 2480 tempore
986 2390 1170 2460 Menandri
1198 2393 1350 2462 fabulam

377 2594 559 2660 evanuisse
585 2614 602 2655 s
628 2592 690 2676 (1),
720 2593 879 2661 existimo
905 2600 1024 2662 tamen
1052 2593 1108 2661 vel
1132 2547 1350 2661 didascaliam

376 2790 508 2878 jamdiu
525 2791 661 2858 fabulae
679 2791 840 2874 defuisse,
862 2791 930 2875 vel,
949 2792 1043 2880 quod
1061 2791 1271 2880 probabilius
1285 2798 1349 2877 est,

378 2985 562 3054 didascalia
576 2986 704 3054 Poetae
718 3005 846 3054 nomen
858 2987 953 3074 prius
966 3007 1038 3054 non
1050 2988 1210 3071 habente,
1225 3008 1352 3056 nomen

379 3184 580 3272 Apollodori
597 3187 767 3273 posterius
784 3186 1029 3275 interpolatum
1047 3150 1153 3254 fuisse
1173 3187 1234 3272 (2),
1255 3188 1353 3256 itaut

415 3463 454 3536 (l)
468 3461 652 3521 Didascaliae
665 3463 856 3522 Terentianae
869 3464 1042 3538 explicatae.
1057 3480 1088 3538 p.
1103 3466 1148 3522 40.

419 3631 457 3704 (2)
468 3632 565 3698 Quam
577 3632 780 3704 coniecturam
790 3636 867 3690 reete
881 3633 991 3707 patitur
999 3632 1101 3706 opinio
1112 3632 1232 3690 Hilmari
1241 3632 1332 3690 Bossii
1344 3650 1352 3690 ι

384 3786 398 3816 «
409 3766 528 3823 Aoeedit
542 3766 634 3838 aliud,
651 3767 734 3841 quod
747 3768 819 3825 etin
830 3784 956 3826 numero
970 3768 1125 3842 Adelphon
1136 3771 1164 3826 et
1177 3768 1209 3825 in
1218 3767 1356 3841 exemplo

385 3915 492 3971 graeco
507 3904 637 3973 Hecyrae
647 3901 753 3958 Donati
766 3902 910 3960 sententia
922 3902 1047 3960 differta
1061 3903 1229 3960 didascaliis
1240 3903 1354 3959 nostris.

386 4035 483 4102 Quare
498 4036 647 4092 Donatum
662 4041 712 4091 out
729 4038 886 4092 insacrum
904 4039 1100 4108 complurium
1118 4005 1277 4095 didascalis
1296 4039 1358 4093 illes

385 4179 428 4220 res
442 4167 655 4233 aesinantem,
669 4169 719 4220 aut
732 4167 877 4230 inuenisse,
893 4167 941 4222 sed
954 4167 986 4221 ob
1001 4167 1122 4237 aliquam
1137 4181 1246 4222 causam
1260 4167 1291 4220 in
1309 4165 1359 4221 du·

388 4299 461 4352 bizim
479 4313 586 4354 vorasse
601 4296 705 4355 eoniici
724 4297 800 4355 licet.
822 4321 836 4349 s
859 4299 1051 4364 Quaestiones
1069 4299 1270 4356 Terentianae.
1290 4313 1321 4370 p.
1341 4303 1357 4352 7

360 4469 361 4472 =
386 4431 593 4505 Lipsiae1874.
