3610 5632
821 773 1042 838 -10-

445 995 680 1084 impediendas
706 996 824 1064 fictum
848 1017 922 1064 esse
944 998 1124 1068 arbitranti
1151 1002 1240 1090 patri
1261 1003 1419 1073 simulata

446 1197 642 1266 assentitur.
665 1197 822 1285 Denique
832 1217 937 1268 senex
949 1198 1046 1267 Davo
1058 1202 1309 1289 propemodum
1323 1202 1418 1287 fisis,

448 1401 532 1489 quid
561 1402 634 1489 ipsc
660 1401 791 1483 iecerit,
819 1401 903 1488 quid
929 1401 1041 1470 facere
1064 1401 1203 1490 cogitet,
1231 1404 1315 1491 quid
1341 1424 1422 1474 cnm

449 1604 633 1674 Chremeta
663 1604 766 1672 modo
792 1604 950 1690 statuerit
975 1603 1149 1672 denudare
1174 1624 1245 1674 non
1268 1611 1419 1688 veretur,

449 1806 568 1895 illique
584 1805 737 1891 mandat,
764 1814 803 1877 ut
826 1807 981 1874 animum
999 1805 1172 1895 Pamphili
1189 1806 1232 1875 ad
1255 1808 1321 1876 hoc
1339 1827 1421 1878 con-

449 2014 595 2084 nubium
622 2018 816 2104 componat.
856 2013 965 2082 Paulo
991 2020 1086 2103 post,
1117 2015 1198 2103 quia
1231 2035 1372 2086 servum
1403 2037 1422 2082 a

449 2217 609 2307 Glycerio
622 2219 856 2308 egredientem
869 2222 985 2304 sentit,
1006 2220 1049 2288 ad
1069 2201 1279 2310 suspiciones
1295 2224 1423 2293 iterum

449 2441 591 2509 pronus
613 2422 673 2490 vix
691 2422 894 2492 furciferum
912 2423 1113 2511 interrogat,
1133 2443 1241 2511 quum
1260 2445 1280 2491 a
1298 2424 1422 2492 larario

450 2650 530 2699 eum
550 2632 795 2720 comprehendi
809 2631 917 2720 jubet.

371 2870 373 2876 ·
496 2835 692 2923 Loquentes
709 2835 1038 2905 avarosnuncaudi.
1057 2834 1200 2918 LacheS,
1222 2840 1261 2904 ut
1272 2834 1423 2923 primum

451 3040 662 3109 Eunuchum
686 3061 706 3106 a
727 3033 799 3107 filio
817 3036 986 3107 Phaedria
1004 3043 1161 3125 emptum
1179 3056 1253 3105 esse
1280 3055 1425 3124 eognos-

451 3244 508 3324 cit,
529 3243 697 3311 exclamat
721 3262 727 3308 :

531 3594 545 3624 «
560 3532 660 3630 emh?
674 3571 748 3646 perii
762 3568 869 3628 hercle.
887 3529 1019 3636 Quhnti‘l
1033 3571 1083 3627 Pe.
1098 3528 1207 3640 Vigintf
1219 3566 1318 3624 minis.
1334 3589 1348 3617 »

532 3786 546 3816 α
560 3726 704 3824 Acthmst.
723 3783 736 3818 u
1036 3761 1118 3834 (Eun.
1135 3777 1155 3817 v
1170 3777 1193 3817 s.
1210 3761 1283 3832 984.)

498 4067 591 4146 Quin
617 4068 721 4137 etiam
744 4066 920 4150 Chremes,
948 4086 1053 4152 quem
1079 4062 1306 4132 Menedemus
1329 4065 1427 4149 rogat

454 4272 538 4360 quid
552 4269 642 4338 filiae
657 4290 739 4338 suae
752 4269 897 4336 daturus
911 4268 966 4349 sit,
981 4267 1017 4333 in
1033 4266 1123 4333 hanc
1136 4285 1258 4332 vocem
1273 4270 1308 4333 et
1319 4263 1427 4350 ejula-

454 4477 584 4545 tionem
604 4479 718 4541 totum
736 4472 976 4540 transfundere
998 4471 1153 4538 animum
1173 4468 1310 4535 videtur
1332 4485 1339 4530 ε
