3614 5636
776 745 817 756 -
862 708 907 778 96
950 745 995 758 -

398 952 502 999 mone
527 931 615 999 Davi
639 931 731 1020 apud
755 931 926 1017 Persium,
947 932 1019 1019 jam
1038 933 1261 1021 introspicere
1286 935 1371 1021 quid

399 1130 565 1220 cujusque
583 1131 761 1220 proprium
779 1132 824 1202 sit
841 1131 935 1200 haud
952 1131 1089 1202 difficile
1106 1139 1159 1204 eet
1179 1152 1186 1197 :

842 1362 911 1436 (Set.
926 1365 958 1419 V.
974 1379 1032 1420 vs.
1053 1367 1103 1420 ter
1116 1363 1195 1438 sqq.)

401 1528 415 1564 ι
431 1512 512 1580 Euge
526 1522 612 1583 puer,
628 1505 738 1582 sepius,
754 1505 801 1564 dis
814 1505 1030 1580 depellentibus
1043 1521 1156 1580 egnum
1172 1527 1185 1560 e

312 1685 315 1694 .
429 1645 550 1700 Pereutc
553 1680 608 1699 .....

404 1805 419 1838 t<
435 1783 588 1854 .....Seleu‚
603 1799 688 1858 puer,
704 1783 901 1856 obiurgabere
915 1783 1044 1843 rubra.»

403 1950 417 1981 «
432 1930 472 1986 Ne
486 1927 633 2003 trepidare
647 1926 730 2000 velis,
745 1932 834 2004 utque
846 1933 926 1990 artos
939 1930 1045 1990 rodere
1058 1946 1166 1990 cesses.
1181 1953 1196 1984 »ι

403 2096 418 2126 «
433 2077 516 2132 Nunc
530 2071 610 2130 ferus
621 2075 649 2130 et
662 2071 776 2130 violens
792 2089 799 2129 :
815 2074 883 2132 atsi
897 2079 992 2147 vocet,
1007 2074 1090 2134 heud
1104 2090 1201 2147 mora,
1216 2074 1309 2145 dices,
1323 2096 1338 2128 »

405 2246 420 2277 «
436 2223 586 2292 Quidnam
595 2223 685 2295 igitur
696 2222 805 2282 faciem
815 2224 830 2280 ‘l
841 2239 881 2281 ne
892 2240 984 2296 nunc,
995 2241 1066 2283 cum
1076 2228 1218 2296 accersat,
1231 2227 1260 2282 et
1273 2222 1350 2281 ultro
1360 2243 1375 2274 »

358 2408 363 2417 .
406 2385 422 2418 α
436 2362 597 2438 supplicet,
612 2363 778 2423 accedam?
791 2364 821 2424 Si
833 2369 913 2424 totus
927 2371 956 2425 et
968 2367 1082 2440 integer
1094 2365 1198 2425 illinc»

407 2525 422 2556 (ι
436 2503 566 2575 liniemus,
580 2518 636 2562 nec
649 2518 787 2564 nunc.....
803 2525 818 2556 n

935 2630 1018 2702 (Eun.
1034 2645 1053 2687 v
1068 2645 1092 2686 s.
1108 2630 1143 2686 50
1156 2627 1237 2702 sqq.)

407 2843 420 2880 u
435 2821 588 2896 Siquidem
601 2781 700 2879 hercle
713 2818 821 2893 pessis,
835 2780 878 2876 nil
892 2818 974 2893 prius
983 2834 1082 2893 neque
1096 2778 1199 2877 tertius
1215 2835 1222 2875 ι
1240 2840 1253 2870 »

409 3031 424 3062 «
439 2969 547 3067 veriun
562 3007 586 3064 si
601 3005 723 3081 incipies
736 2967 835 3080 nique
848 3005 1006 3080 pertendes
1020 2967 1137 3065 uiuitur
1152 3026 1165 3058 l

410 3217 423 3248 l
438 3167 544 3269 Atque,
560 3154 613 3251 ibi
626 3192 688 3266 peti
701 3207 763 3250 non
777 3153 898 3266 pitens,
914 3207 1007 3266 quom
1019 3207 1110 3250 nemo
1125 3153 1250 3267 expetet,
1267 3214 1281 3244 u

410 3404 425 3435 ιι
439 3343 549 3440 Infecta
560 3396 635 3456 pecc
649 3380 725 3438 ultro
739 3341 779 3439 id
793 3395 860 3438 cem
873 3379 986 3451 uenies,
1001 3340 1137 3438 indicens
1152 3401 1166 3432 n

411 3573 477 3628 «Te
492 3529 593 3628 emire
608 3571 636 3626 et
649 3567 724 3626 ieme
738 3527 800 3625 min
812 3582 901 3641 posse
917 3582 925 3623 z
941 3569 1079 3637 actumst,
1092 3527 1182 3637 ilicet,
1197 3587 1212 3618 »

412 3779 427 3812 «
442 3718 544 3817 Peristi
559 3774 566 3815 ε
582 3756 691 3828 eludet,
706 3717 759 3814 ibi
771 3759 800 3814 te
814 3755 928 3814 uictum
942 3715 1075 3813 senserit.
1092 3774 1107 3808 e

413 3966 428 3999 t<
441 3944 529 4006 Proin
547 3904 591 4014 tir,
610 3942 684 4001 dum
703 3948 747 4003 est
766 3946 896 4017 tempus,
916 3902 1005 4002 etiem
1023 3943 1113 4015 etque
1132 3939 1221 4000 etiem
1240 3900 1347 4012 edgid.
1367 3959 1382 3990 »

457 4161 556 4231 Unus
579 4159 759 4229 dominum
782 4180 897 4245 suum,
920 4179 1026 4248 quem
1050 4179 1112 4247 pro
1133 4177 1241 4248 puero
1266 4157 1382 4242 hebet,

412 4369 554 4438 irridere
573 4388 645 4438 non
661 4367 808 4452 dubitat,
822 4365 1006 4454 studetque
1024 4363 1137 4433 selum
1150 4363 1385 4433 demonstrare
