3614 5636
828 797 872 808 -
917 760 982 827 128
1027 793 1068 806 -

507 985 587 1052 Ideo
610 1005 681 1052 non
700 984 929 1053 dubitandum
950 983 1037 1050 mihi
1057 981 1206 1064 videtur,
1224 983 1309 1069 quin
1326 983 1435 1050 oodioi

462 1184 631 1252 Bembino
653 1185 763 1251 maior
786 1182 871 1252 fides
894 1183 1053 1251 habenda
1075 1180 1131 1261 sit,
1159 1198 1264 1265 quam
1286 1183 1433 1264 Donate,

461 1387 521 1474 qui
539 1386 671 1453 nullam
689 1391 819 1454 sertam
831 1387 896 1452 hae
914 1386 957 1453 de
972 1409 1009 1454 re
1028 1397 1206 1478 acceperat
1219 1388 1433 1458 memoriam.

462 1586 532 1655 Sed
551 1587 591 1670 si,
616 1587 710 1654 unde
727 1586 813 1654 haee
832 1583 1001 1655 dubitatio
1020 1590 1173 1677 profecta
1189 1591 1245 1674 sit,
1266 1590 1436 1678 explicare

461 1808 532 1856 non
542 1809 737 1877 possumus,
756 1788 814 1856 vix
828 1787 959 1876 aliquid
971 1787 1035 1856 hae
1045 1788 1083 1854 in
1093 1807 1131 1855 re
1142 1788 1325 1876 profecisse
1337 1788 1436 1856 nobis
1483 1817 1488 1824 ·

461 1986 630 2056 videmur.
662 1985 849 2074 Negleetus
879 1991 932 2054 est
957 1988 1069 2055 adhue
1092 2009 1112 2054 a
1136 1987 1219 2055 viris
1242 1988 1364 2070 doctis
1397 1994 1437 2055 ut

462 2190 610 2272 videtur,
629 2189 725 2257 loeus
744 2191 945 2278 Eugraphii‚
972 2191 1033 2278 qui
1052 2209 1250 2276 quanquam
1269 2195 1322 2257 est
1341 2207 1436 2256 oom-

461 2397 634 2460 mentator
645 2391 844 2459 recentioris
851 2395 983 2479 aetatis,
992 2402 1109 2465 tamen
1117 2395 1290 2464 interdum
1303 2400 1435 2463 rectum

426 2572 430 2579 ¹
461 2596 496 2659 et
515 2610 637 2658 verum
661 2590 796 2659 tradere
819 2598 943 2678 potest,
968 2602 1008 2663 ut
1030 2596 1127 2663 testis
1153 2600 1205 2664 est
1224 2593 1437 2682 Umpfenba·

461 2789 559 2856 chius
573 2789 609 2855 in
621 2789 781 2857 editionis
795 2789 1022 2863 Terentianae
1035 2799 1245 2884 praefatione
1261 2799 1308 2886 (p.
1323 2797 1433 2882 xnv1).
1499 2885 1502 2890 Ι
1581 2865 1584 2870 ,
1708 2775 1713 2787 ’
1779 2889 1780 2900 ¹

463 2994 608 3084 Scripsit
633 2997 852 3084 Eugraphius
877 2997 972 3082 (edit.
1003 2997 1279 3082 Westerhov.):
1313 3021 1329 3060 «
1357 2995 1450 3065 Non

462 3217 582 3264 omnes
608 3197 804 3266 comoediae
830 3197 984 3265 Terentii
1009 3218 1030 3264 a
1053 3197 1246 3265 Menandro
1275 3197 1437 3264 videntur

463 3417 537 3464 esse
549 3398 733 3466 translatae
741 3416 751 3482 ;
765 3418 846 3464 nam
861 3398 946 3465 haee
960 3417 1048 3484 quae
1058 3397 1197 3498 Heoyra
1207 3402 1272 3479 est,
1289 3396 1437 3465 alterum

463 3601 634 3670 Graecum
645 3599 747 3667 habet
769 3598 866 3686 :quis
879 3598 937 3666 ille
954 3598 999 3666 sit
1011 3598 1159 3667 habetur
1169 3600 1351 3668 incertum.
1367 3597 1437 3665 Alii

462 3805 712 3896 Apollodorum
738 3802 870 3873 volunt.
904 3827 920 3867 a
950 3805 1069 3873 Potest
1095 3805 1181 3873 haee
1202 3804 1370 3873 memoria
1394 3802 1438 3868 ad

463 4008 638 4078 Donatum
667 4008 802 4092 redire3
835 4007 896 4076 sed
924 4009 953 4076 si
983 4008 1050 4076 hoe
1076 4013 1318 4090 statueremuS,
1348 4026 1437 4093 quae

463 4207 555 4298 apud
575 4207 749 4278 Donatum
760 4209 932 4277 invenerit
951 4209 1214 4296 interpretatum
1228 4228 1302 4276 esse
1321 4214 1356 4276 et
1365 4229 1438 4274 am-

463 4408 667 4499 plifioavisse
695 4408 945 4497 Eugraphium,
971 4407 1140 4476 iudicarre
1169 4425 1307 4474 necesse
1334 4397 1435 4474 esset.
1523 4471 1527 4481 ,
