3614 5636
776 759 1055 826 ·-112—

447 983 596 1070 parasito
615 982 748 1070 opinari
764 986 889 1069 potest.
908 981 1060 1064 Etenim,
1078 984 1217 1050 tametsi
1234 985 1291 1052 hie
1304 985 1422 1073 appel-

448 1182 541 1251 latur
553 1180 703 1264 Gnath0‚
722 1180 809 1248 nihil
818 1185 996 1268 pertetam
1010 1179 1164 1248 fabulam
1178 1182 1317 1250 invenio
1328 1184 1421 1269 quod

447 1383 628 1452 hominem
646 1382 730 1471 gula
746 1381 1017 1471 praepollentem
1035 1384 1167 1453 revelet
1187 1403 1195 1451 :

500 1738 515 1768 «
530 1673 640 1774 E¹amus
654 1730 725 1788 ergo
740 1714 780 1774 ad
793 1675 957 1810 adsumta..
1066 1717 1149 1785 (Eun.
1164 1731 1184 1773 v
1198 1732 1222 1774 s.
1238 1715 1313 1788 459.)
1328 1737 1342 1767 »

535 1901 564 1974 (v
578 1917 602 1958 s.
618 1901 681 1958 art.
698 1897 774 1973 815.)
866 1859 1021 1970 ...sinen
1035 1898 1077 1956 ita'
1090 1901 1123 1957 ut
1133 1858 1217 1957 fortis
1230 1897 1315 1957 deeet
1327 1919 1342 1950 a

528 2051 640 2161 uilitas,
655 2050 738 2147 domd
752 2088 871 2163 focique
885 2050 932 2146 fiae
951 2087 1082 2146 uicissim
1096 2093 1129 2146 ut
1143 2049 1325 2146 mimineris.
1336 2109 1351 2140 »

546 2308 561 2340 α
578 2326 632 2344 .....
636 2287 666 2344 si
679 2287 775 2346 efficio
787 2288 856 2358 hoe,
871 2249 990 2361 pdstulo
1004 2290 1037 2344 ut
1049 2285 1124 2344 mihi
1136 2247 1189 2345 tda
1202 2285 1311 2344 domus
1325 2307 1340 2338 a

494 2443 532 2541 ri
546 2485 702 2557 praesente
716 2443 839 2540 absiste
852 2485 962 2554 pateat,
977 2441 1118 2539 inuocato
1132 2483 1165 2539 ut
1178 2441 1215 2538 sit
1225 2479 1309 2538 loeus
1323 2501 1337 2532 a

495 2634 619 2747 simper
620 2713 675 2732 .....
692 2689 706 2726 ι
894 2633 896 2636 ’
1036 2673 1104 2743 (vs.
1122 2673 1200 2729 nea
1217 2670 1309 2744 reae.)
1423 2718 1425 2722 ,

484 2938 565 3005 Non
583 2935 649 3005 alia
667 2936 711 3006 ad
726 2955 882 3004 mensam
893 2934 1102 3023 pertinentia
1112 2933 1245 3023 profert
1253 2933 1391 3004 Gnatho
1402 2954 1412 3019 ;

438 3139 607 3228 parasitus
622 3143 695 3206 tam
713 3137 868 3228 insigniti
888 3137 1038 3206 nominis
1055 3136 1359 3225 temperantiorem
1377 3155 1414 3204 se

436 3346 611 3428 praestare
635 3340 767 3427 nequit.
791 3338 883 3416 Quid
908 3340 1063 3428 sequitur
1088 3341 1155 3408 nisi
1176 3347 1216 3410 ut
1239 3339 1413 3410 Struthias

437 3533 620 3608 Gnathone
637 3540 793 3607 voracior
812 3539 930 3608 esset?
950 3538 1168 3630 Quapropter
1181 3561 1253 3609 non
1270 3543 1411 3610 omnino

436 3736 517 3805 huie
536 3737 602 3804 viri
620 3737 712 3806 doeti
735 3737 784 3823 (1)
804 3739 994 3807 sententiae
1017 3738 1215 3828 suffragor:
1239 3763 1256 3803 «
1279 3741 1411 3810 Teren-

435 3941 506 4009 tius
529 3963 611 4010 sane
634 3945 783 4012 maxime
805 3945 949 4014 idoneus
971 3946 1219 4015 existimandus
1237 3956 1290 4017 est
1312 3949 1409 4036 eujus

435 4164 478 4210 ex
495 4143 620 4211 fabulis
635 4146 763 4232 optime
777 4149 871 4234 qued
882 4150 972 4236 apud
988 4149 1220 4218 Menandrum
1237 4152 1409 4220 desideres
1532 4138 1537 4146 ’

471 4423 509 4496 (Ι)
524 4422 660 4480 Beaufils.
676 4454 710 4464 -
725 4427 765 4482 De
774 4424 911 4499 parasitis
924 4425 1007 4501 apud
1016 4430 1140 4486 veteres.
1154 4429 1188 4486 11.
1198 4429 1315 4488 Parisiis
1327 4431 1405 4488 1861.
