3614 5636
775 857 816 868 ..
862 819 905 886 87
951 853 992 866 .-

397 1052 580 1138 propterea
607 1045 656 1111 sio
680 1043 767 1111 dixit
790 1046 830 1110 ut
858 1039 1103 1128 intelligamus
1135 1038 1301 1107 occidor:
1336 1045 1371 1107 et

399 1255 519 1339 vivus„
534 1253 633 1341 quasi
654 1251 789 1339 sapiens
814 1253 850 1317 et
872 1245 1033 1314 sentiens.
1061 1267 1078 1306 »
1102 1243 1260 1311 Verbum
1282 1265 1371 1312 none

399 1455 606 1536 sententiam
624 1453 846 1540 uiuospereo
864 1448 1017 1518 Terentii
1031 1469 1105 1516 esse
1119 1447 1258 1516 indioat.
1277 1447 1371 1535 Ergo

399 1649 831 1738 Phaedriagraviusquam
839 1645 1098 1716 Chaerestratus
1106 1666 1244 1714 saevam
1252 1664 1372 1734 aegre-

398 1853 565 1922 tationem
583 1871 682 1919 suam
701 1849 828 1917 sentire
845 1847 931 1915 mihi
948 1847 1097 1916 videtur.

444 2046 483 2115 Si
497 2047 605 2116 Poeta
617 2046 743 2115 latinus
756 2046 988 2116 Menandrum
1005 2067 1143 2126 summa
1149 2046 1374 2114 similitudine

399 2250 578 2338 expressit,
593 2269 665 2316 non
683 2249 784 2317 video
802 2268 969 2336 quorsum
986 2248 1029 2316 de
1047 2247 1183 2314 Poetae
1202 2266 1295 2314 cura
1315 2246 1372 2333 ju-

399 2451 528 2519 dicium
545 2451 672 2519 Donati
688 2451 798 2537 (Eun.
816 2449 860 2519 11.
883 2471 929 2518 111.
951 2451 987 2535 9)
1006 2451 1176 2538 pertineat
1198 2469 1205 2515 :
1231 2471 1247 2511 «
1262 2449 1308 2517 Et
1316 2449 1373 2516 hio

403 2649 598 2718 ostenditur
604 2649 810 2737 jampridem
818 2653 952 2716 motum
960 2647 997 2714 in
1005 2666 1060 2714 res
1072 2646 1249 2714 Venereas
1261 2643 1373 2713 Chae-

401 2867 508 2915 ream.
531 2848 577 2916 Et
599 2869 737 2937 magna
755 2847 891 2915 Poetae
909 2865 1001 2914 cura
1023 2849 1087 2925 est,
1110 2865 1155 2912 ne
1173 2842 1373 2912 incredibile

400 3051 568 3134 videatur,
586 3037 891 3132 adoleseentulum‚
912 3048 973 3135 qui
983 3068 1045 3135 pro
1065 3044 1234 3114 Eunucho
1249 3012 1372 3113 deduei

259 3273 262 3280 ’
399 3250 561 3341 potuerit,
582 3258 655 3321 tam
674 3251 832 3339 expedite
850 3250 1022 3338 virginem
1035 3249 1184 3316 vitiasse.
1205 3244 1373 3323 Quocirca

400 3451 539 3536 artifex
558 3467 736 3534 summus,
759 3451 853 3539 quod
871 3451 976 3518 aetati
995 3470 1067 3517 non
1081 3455 1206 3537 potest,
1229 3455 1373 3518 naturae

402 3658 559 3727 attribuit
583 3656 786 3726 Chaereae:
815 3663 855 3726 ut
883 3657 1024 3724 calidior
1046 3657 1197 3744 ingenio,
1231 3661 1266 3725 et
1293 3663 1373 3724 ante

402 3883 509 3930 annos
528 3868 672 3946 amator,
691 3883 762 3929 non
775 3861 952 3929 libidinem
969 3861 1006 3927 in
1025 3879 1110 3942 sese,
1125 3858 1186 3925 sed
1199 3857 1371 3945 quandam

401 4065 531 4131 rabiem
551 4062 783 4151 designaverit
801 4063 838 4129 in
857 4062 1033 4129 Venerees
1052 4061 1233 4149 appetitus.
1260 4083 1276 4122 u
1298 4059 1375 4126 Hoc

405 4281 487 4328 vero
511 4267 564 4328 est
586 4261 852 4350 apertissimum,
875 4261 903 4326 si
927 4258 1231 4341 adolescentulum,
1253 4263 1292 4325 ut
1312 4278 1374 4323 na-

403 4470 502 4533 turae
520 4486 602 4534 suae
612 4465 732 4535 studiis
746 4465 856 4553 perite
875 4483 941 4532 usu
952 4463 1101 4552 ganeoni
1111 4425 1261 4550 aequalis
1271 4465 1372 4544 esset,
