3614 5636
736 772 982 838 -111-

369 997 487 1085 opima
512 1011 608 1062 sacra
637 997 805 1084 parasitus
830 1018 873 1064 ex
903 985 1018 1064 animo
1047 994 1239 1068 indubitate
1265 1000 1342 1068 lau-

370 1191 484 1262 dabat.

415 1390 621 1460 Plutarchus
638 1392 713 1480 ipse
726 1391 775 1477 (1)
792 1392 981 1482 imaginem
991 1393 1107 1464 canori
1117 1393 1161 1462 ab
1173 1394 1343 1483 Eupolide

369 1603 566 1672 expressam
585 1584 754 1655 adulatori
772 1585 957 1656 convenire
975 1583 1059 1656 dicit
1079 1605 1087 1653 :

566 1877 668 1950 Γαστὴρ
682 1874 740 1934 otoo
754 1877 783 1933 τὸ
797 1884 883 1950 σῶμα,
897 1887 1014 1954 πανταχῆ
1027 1882 1125 1953 βλέπων

564 2031 699 2110 ὀφθαλμὸς,
715 2039 789 2110 ἕρπον
803 2049 853 2103 τοῖς
868 2033 952 2094 ὀδοῦσι
965 2041 1062 2112 θηρίον.
1120 2108 1128 2120 ι

414 2316 473 2385 Sic
492 2316 698 2386 Plutarchus
717 2317 931 2388 adulatorem
948 2327 984 2388 et
1001 2339 1064 2408 pro
1078 2321 1182 2389 edace
1195 2321 1344 2409 parasito

369 2519 475 2588 ducit.
496 2520 620 2587 Nonne
632 2520 808 2607 ceteroqui
822 2519 1014 2588 Menander
1024 2521 1219 2590 Theronem
1232 2521 1344 2592 Chae·

370 2726 642 2814 rephontemque
656 2724 819 2794 induxit?
832 2722 1119 2802 Quidmirumest
1129 2725 1202 2794 istis
1214 2725 1344 2814 gulosis
1415 2710 1418 2715 ¹

370 2931 517 3002 similem
535 2930 644 3000 luisse
659 2927 883 3001 struthiam?
908 2915 986 3000 Hoc
1001 2930 1086 2998 vitio
1103 2950 1175 2998 non
1193 2930 1343 3000 deduce-

370 3134 473 3204 batur
488 3135 674 3224 qucminus
690 3135 848 3204 adulator
863 3156 1019 3204 summus
1039 3143 1129 3206 esset
1136 3155 1148 3221 3
1167 3137 1345 3206 iudaeum

371 3335 479 3406 Poeta
501 3357 645 3425 graecus
672 3336 832 3406 Colacem
865 3337 1138 3426 cognominavit,
1165 3338 1274 3424 quod,
1306 3337 1345 3410 ni

371 3534 481 3619 fallor,
502 3537 689 3606 assentatio
704 3536 913 3606 helluatione
931 3537 1070 3625 gravior
1094 3542 1146 3604 est
1163 3535 1281 3624 pestis,
1305 3535 1345 3602 in

371 3759 476 3826 quam
493 3741 650 3828 inprimis
664 3762 700 3809 se
713 3740 926 3812 adversarios
937 3738 1191 3808 intendereviri
1201 3735 1341 3807 debent.

369 3937 537 4016 Quocirca
563 3939 756 4011 Struthiam
780 3906 853 4008 tam
880 3945 1002 4009 ventre
1025 3959 1130 4026 quam
1155 3937 1343 4006 ambitione

370 4143 554 4210 eminuisse
584 4144 712 4230 judica
746 4144 857 4210 Nemo
882 4141 1038 4210 similiter
1062 4141 1106 4209 de
1135 4140 1342 4208 Terentiano

407 4441 444 4510 (t)
461 4440 500 4494 lte
515 4438 668 4496 adulatore
683 4442 711 4494 et
725 4437 833 4495 amico.
