3610 5632
858 768 1054 832 ..4.-

467 991 559 1078 quod
584 1009 652 1057 una
672 988 742 1056 sola
770 987 959 1055 Camboriti
977 990 1075 1070 1869,
1105 995 1142 1055 ut
1171 991 1263 1075 prior
1289 988 1440 1055 Berolini

466 1191 554 1258 1870
586 1190 698 1259 editae
730 1191 832 1277 hujus
861 1190 997 1258 fabulae
1026 1191 1210 1258 didascalia
1241 1193 1303 1259 has
1337 1213 1438 1261 voces

465 1393 605 1462 exhibet
633 1413 640 1460 :
669 1415 686 1454 u
721 1393 809 1462 Tota
833 1411 971 1481 praeca
995 1392 1223 1462 Menandro.
1253 1417 1270 1457 »
1298 1395 1437 1483 Hecyra

464 1613 602 1681 quoque
631 1593 767 1682 Lipsiae
787 1594 874 1662 1874
898 1593 1030 1681 prolata
1058 1611 1163 1662 unam
1196 1594 1304 1663 solam
1335 1596 1440 1665 habet
1528 1665 1531 1671 ,

464 1801 696 1885 didascaliam,
716 1803 754 1869 in
772 1822 841 1890 qua
859 1802 941 1870 talia
958 1804 1065 1871 verba
1081 1806 1201 1909 insunt
1222 1827 1228 1872 :
1252 1831 1268 1870 n
1295 1807 1438 1879 Graeco

465 2005 691 2073 Menandros.
709 2029 725 2067 a
741 2005 842 2073 Unde
854 2005 894 2074 fit
903 2012 943 2074 ut
955 2006 1128 2094 Wagner,
1145 2008 1439 2096 Umpienbaohius

464 2214 499 2277 et
520 2207 786 2293 FleckeiseniuS,
808 2209 996 2277 doctissimi
1019 2210 1085 2277 viri
1103 2212 1163 2298 qui
1182 2232 1259 2278 eam
1282 2214 1437 2300 publica-

463 2423 590 2484 verunt
602 2416 826 2500 comoediam,
840 2417 1038 2484 testimonio
1054 2417 1257 2486 didascaliae
1270 2419 1438 2490 Bembino

463 2619 572 2685 codici
591 2618 739 2685 insertae
759 2619 978 2706 potissimum
1004 2619 1191 2687 confidant.
1220 2621 1308 2688 Mihi
1332 2623 1440 2710 igitur

463 2819 646 2890 luculentis
661 2821 728 2888 illis
746 2822 942 2890 auctoribus
961 2823 1061 2907 freto,
1088 2826 1124 2892 in
1149 2823 1313 2893 Guilelmi
1339 2826 1436 2893 Wil-

462 3022 611 3116 mannsii
642 3022 848 3090 sententiam
877 3022 927 3107 (1)
956 3043 1027 3091 non
1057 3027 1203 3093 transire
1234 3047 1350 3114 posse,
1383 3034 1434 3112 et,

463 3228 601 3317 Hecyra
623 3226 806 3295 Menandri
825 3229 1014 3296 comoediis
1030 3237 1267 3314 annumerata,
1288 3254 1308 3298 a
1326 3239 1438 3300 teme-
1479 3313 1482 3320 Ι

460 3431 570 3500 nitatis
589 3431 854 3519 reprehensione
871 3431 989 3498 abesse
1010 3431 1140 3498 videor.

505 3633 732 3724 Quapropter,
761 3635 834 3702 sine
858 3635 929 3703 ulla
954 3637 1184 3719 cunctatione,
1216 3658 1330 3704 meam
1359 3660 1433 3706 rom

460 3837 653 3926 aggredior,
681 3857 786 3925 quam
811 3838 855 3904 ad
878 3839 1014 3914 felicem
1039 3790 1172 3908 exitum
1189 3842 1334 3910 fortasse
1357 3865 1436 3932 per·

460 4040 596 4123 ducam,
626 4039 665 4121 si,
694 4047 878 4126 postquam
904 4043 939 4108 in
968 4043 1082 4111 latinis
1110 4044 1235 4113 fabulis
1266 4048 1436 4136 cujusque

496 4292 534 4364 (1)
550 4293 588 4347 De
601 4289 769 4348 didascaliis
783 4292 973 4363 Terentinum,
988 4310 1017 4366 p.
1035 4299 1069 4351 60
1082 4317 1096 4346 α
1112 4300 1255 4370 Hecyram
1266 4299 1333 4371 quis
1344 4305 1435 4372 poeta

461 4441 585 4498 graecus
600 4428 799 4504 composuerit
811 4423 954 4487 incertum
972 4435 1024 4487 est.
1041 4453 1054 4482 a
1072 4433 1196 4489 Berolini
1214 4437 1291 4491 1861.
