3614 5636
687 777 1018 866 .—s-

421 1007 501 1074 tulit
522 1028 538 1068 n
557 965 750 1086 Terentius
770 1008 907 1069 nonest
924 1001 1070 1068 dubium
1087 1002 1173 1090 quin
1192 1000 1394 1089 Pamphilus

421 1205 520 1273 aliter
546 1223 587 1270 ac
612 1221 755 1290 graecae
785 1199 936 1284 Andriae
963 1220 1109 1288 persona
1135 1201 1172 1268 in
1197 1199 1396 1288 exemplum

422 1409 598 1493 assumpta
615 1407 724 1491 putet.
996 1332 998 1338 Ι

469 1610 669 1681 Secundum
680 1633 791 1680 unum
806 1613 981 1681 interillos
996 1613 1127 1700 aliquot
1136 1611 1247 1679 Persii
1263 1631 1395 1693 versus

425 1806 486 1894 qui
498 1806 649 1875 ineuntis
667 1805 803 1874 fabulae
817 1826 959 1895 graecae
977 1805 1207 1894 scrupulosior
1219 1803 1397 1883 translatio

426 2027 531 2095 quam
549 2007 674 2077 latinae
697 1937 904 2099 principium
930 2011 1112 2096 habentur,
1139 2009 1399 2080 Chaerestratus

427 2221 561 2278 moram
571 2206 804 2276 multominus
815 2229 920 2296 quam
928 2209 1099 2277 Phaedria
1108 2209 1252 2293 ferebat,
1263 2208 1401 2296 quando

429 2429 450 2476 a
468 2408 647 2477 meretrice
665 2408 827 2497 expulsus
844 2430 983 2478 causam
997 2410 1040 2477 ad
1058 2429 1134 2478 cam
1151 2410 1319 2478 redeundi
1336 2407 1401 2476 lin-

429 2612 544 2701 gebat,
564 2612 694 2681 nedum
712 2618 925 2703 exspectaret
944 2616 1053 2682 donoc
1072 2618 1293 2683 revocaretur
1316 2630 1323 2676 :

967 2882 1036 2951 (Sat.
1052 2897 1080 2938 r.
1095 2897 1115 2938 v
1128 2895 1153 2938 s.
1171 2882 1244 2941 168.)

628 3067 693 3086 ......
697 3029 754 3087 Sed
768 3027 896 3098 censen',
910 3026 1049 3102 plorabit,
1065 3029 1156 3097 Daue,
1172 3025 1294 3084 relicta?
1308 3047 1322 3076 »

945 3216 1028 3288 (Eua.
1044 3231 1064 3272 v
1079 3231 1102 3271 s.
1120 3218 1155 3272 70
1166 3217 1245 3288 sqq.)

757 3423 771 3452 «
786 3403 808 3460 0
822 3361 981 3473 indignum
995 3399 1111 3458 lacinus
1126 3416 1133 3456 ι
1149 3361 1230 3457 minc
1246 3414 1301 3470 ego
1316 3420 1331 3449 »

505 3614 519 3643 ιι
535 3552 663 3664 Etillaim
676 3590 832 3648 scelestam
845 3605 909 3646 esse
924 3550 952 3647 rit
967 3604 1015 3646 me
1027 3588 1171 3645 miserum
1185 3549 1280 3645 sinuo
1295 3608 1309 3639 a

506 3799 519 3828 α
535 3780 569 3835 Et
581 3737 680 3835 laidet
695 3791 702 3832 :
718 3780 746 3833 et
759 3790 862 3832 amore
876 3735 967 3832 indeo
983 3791 990 3830 :
1006 3778 1035 3832 et
1048 3734 1180 3845 prudins
1193 3731 1301 3840 sciens,
1317 3793 1332 3823 a

507 3985 522 4016 «
537 3925 624 4022 Viubs
638 3963 804 4036 uidensque
818 3923 918 4036 pineo.
932 3982 946 4012 »

479 4226 573 4304 Quos
599 4226 788 4293 Phaedriae
812 4245 931 4293 sensus
951 4226 1000 4292 ita
1021 4228 1275 4292 commentatur
1295 4221 1389 4288 Scho

434 4433 534 4502 liasta
552 4431 593 4517 (Ι.
615 4430 641 4497 Ι.
661 4429 719 4513 28)
742 4448 749 4494 :
773 4450 789 4490 «
810 4427 908 4496 Mire
926 4430 961 4494 et
979 4445 1079 4508 noae,
1097 4424 1197 4492 vivus
1216 4442 1318 4511 pereo
1341 4428 1401 4489 :et
1479 4425 1485 4434 '
