3610 5632
767 792 982 858 ..59-

387 1018 507 1087 saltem
524 1019 711 1107 principale
725 1019 785 1087 fidi
804 1019 1028 1086 Parmenonis
1046 1017 1243 1106 exemplum
1260 1037 1359 1104 prae-

387 1218 501 1286 buisse
513 1223 727 1306 compertum
740 1218 940 1302 habeamus
954 1217 1057 1306 hujus
1068 1237 1234 1307 personae
1246 1238 1359 1286 mores

385 1422 506 1506 poetae
522 1416 629 1485 latino
638 1437 801 1505 maguam
812 1422 945 1506 partem
958 1436 1048 1486 nove
1061 1415 1242 1505 fingendus
1253 1415 1359 1484 luisse

383 1619 713 1708 jampraesagiatur.

428 1823 594 1893 Meretrix
624 1825 802 1892 nominata
839 1824 981 1912 Chrysis
1013 1844 1034 1890 a
1067 1836 1169 1911 χρυσός,
1205 1839 1356 1907 quonam

383 2026 605 2094 incitamento
631 2026 675 2092 ad
697 2045 800 2092 omne
820 2025 953 2093 lacinus
976 2023 1183 2113 impellatur,
1209 2022 1313 2090 Thais
1337 2043 1358 2090 a

384 2239 499 2310 Θαητός,
515 2244 578 2292 cur
593 2223 769 2313 potissime
787 2223 908 2292 floreat
924 2222 1179 2310 quamprimum
1195 2219 1356 2288 ostendit.

430 2428 535 2497 Pater
549 2421 739 2496 Phaedriae
756 2432 792 2495 et
810 2425 983 2494 Chaereae
994 2425 1031 2493 in
1049 2423 1220 2492 Eunucho
1234 2440 1358 2512 graeca

384 2653 427 2701 ex
452 2648 523 2721 σιμός
549 2617 678 2699 nornen
708 2651 811 2698 suum
837 2629 943 2698 ducit.
979 2628 1087 2696 Porro
1117 2627 1224 2694 simus
1253 2644 1357 2694 nasus

384 2835 673 2935 stomachantium
684 2835 843 2922 proprius
854 2833 1021 2914 habetur3
1035 2833 1151 2918 itaque
1159 2831 1355 2899 stomachus

383 3039 420 3105 in
439 3059 480 3106 eo
500 3057 581 3106 sene
598 3058 709 3106 unum
726 3058 769 3105 ex
783 3037 889 3125 signis
904 3036 1026 3118 inerat,
1047 3035 1141 3124 quod
1154 3034 1355 3121 praesertim

383 3247 419 3314 in
442 3247 555 3314 lucem
580 3246 734 3334 proferre
762 3245 870 3312 voluit
892 3243 1093 3312 Menander.
1121 3242 1217 3310 ldem
1242 3263 1263 3308 a
1287 3257 1355 3328 λαχή

383 3448 514 3518 Laches
544 3447 580 3514 in
609 3447 714 3514 latina
744 3447 860 3514 fabula
890 3446 1026 3514 dicitur.
1060 3443 1152 3521 Quid
1182 3443 1275 3510 enim
1306 3440 1355 3508 illi

383 3650 533 3739 obtigit?
557 3649 605 3719 Ut
627 3648 799 3717 libidinosi
822 3654 857 3717 et
876 3649 1007 3737 profusi
1029 3652 1144 3716 essent
1162 3647 1235 3714 filii.
1259 3645 1355 3723 Quae

383 3871 455 3918 sors
479 3871 583 3926 avaro
609 3849 810 3918 crudeliori
833 3849 929 3916 Haec
951 3847 1132 3937 appellatio
1153 3846 1283 3934 aliquid
1301 3846 1354 3912 ia-

382 4059 462 4143 tale,
484 4059 577 4147 quod
592 4058 754 4126 avaritiae
772 4057 812 4125 fit
823 4078 945 4145 poena,
961 4057 998 4124 iu
1017 4058 1078 4127 tali
1091 4077 1173 4124 casu
1187 4057 1351 4124 continet.

382 4259 445 4326 Sin
469 4259 519 4326 illi
541 4260 671 4327 Demea
694 4267 745 4327 est
769 4281 907 4342 nomen,
932 4260 998 4327 hoc
1022 4262 1064 4328 de
1089 4260 1205 4328 multis
1229 4280 1350 4342 unum,

382 4462 442 4550 qui
468 4461 619 4547 locuples
644 4463 764 4544 evasit,
795 4462 976 4530 manifesto
997 4462 1165 4550 designat.
1201 4460 1271 4527 Sed
1298 4461 1353 4528 hic
