3610 5632
788 794 828 804 ..
875 755 918 822 53
965 790 1005 799 -

409 987 550 1055 nomina
578 981 742 1062 Simonis,
777 978 865 1044 Davi
895 981 930 1043 et
959 973 1066 1042 Getae
1095 973 1310 1052 omittantur,
1346 971 1381 1037 in

410 1189 539 1257 Poetae
568 1184 683 1274 graeei
710 1179 862 1270 reliquiis
886 1177 986 1266 plura
1009 1176 1139 1256 insunt,
1164 1192 1252 1260 quae
1276 1172 1384 1248 Poeta

410 1389 536 1458 latinus
564 1385 719 1476 personis
751 1385 822 1454 suis
851 1388 1045 1475 imposuit:
1081 1407 1169 1460 Σωσία
1193 1405 1218 1460 ἐν
1234 1409 1332 1466 Κόλακι
1349 1399 1385 1461 et

410 1603 434 1658 ἐν
463 1601 626 1676 ‘aptiorem
651 1588 688 1656 in
709 1588 920 1658 incertarum
956 1592 1150 1662 tabularum
1181 1595 1383 1684 fragmentis

412 1809 547 1882 Πάμφιλος
571 1796 724 1882 (LXXXV)
753 1802 788 1866 fit
806 1814 953 1886 Κλειτοφῶν
973 1799 1072 1886 (le),
1092 1815 1184 1890 Altos
1206 1815 1229 1872 ἓν
1245 1785 1382 1891 Κιθαρίσνῃ

410 1985 444 2046 ei
468 1993 492 2048 ἐν
513 1997 662 2068 Τροφωνίῳ,
678 1998 766 2067 Δημέα
785 1995 808 2053 ἔν
829 1999 872 2062 Δὶς
891 1996 1051 2068 ἐξαπατῶντι,
1074 1999 1213 2070 Παρμένων
1234 1997 1257 2052 ἐν
1278 1999 1383 2070 Πλοκὲῳ

410 2184 444 2247 et
468 2192 492 2247 ἐν
512 2195 712 2270 ‘teotoniam
729 2196 794 2259 Θανς
818 2183 911 2270 quod
937 2203 1065 2250 nomen
1089 2188 1255 2270 tanquam
1282 2182 1383 2249 iabu-

410 2380 461 2448 lae
487 2381 627 2450 titulum
651 2383 850 2452 Athenaeus
877 2383 964 2469 (xur.
993 2404 1026 2470 p.
1051 2382 1115 2452 567
1142 2399 1307 2469 Δειπνοσοφ.)
1333 2383 1382 2450 oi-

410 2590 472 2666 tat,
497 2598 607 2670 Θράσων
627 2597 651 2655 ἐν
672 2601 834 2674 Μισουμένῳ,
853 2601 949 2676 Bau-pa
972 2587 1008 2654 in
1030 2587 1242 2654 incertorum
1264 2593 1382 2674 poeta-

409 2806 488 2854 rum
505 2788 708 2876 fragmentis
733 2788 778 2854 ad
795 2787 1028 2856 Menandrum
1046 2786 1269 2874 probabiliter
1292 2787 1344 2856 ref
1365 2825 1382 2834 -

409 2988 620 3074 rendistvu).
634 2988 673 3058 Si
683 2989 824 3078 quidem
830 2989 959 3058 haeoin
968 2988 1209 3056 tambrevibus
1219 2989 1381 3060 analectis

410 3189 643 3276 offenduntur,
662 3193 826 3282 pleraque
841 3193 906 3260 alia
920 3192 1206 3260 Terentianarum
1220 3212 1382 3280 persona-

409 3415 488 3462 rum
510 3397 652 3464 nomina
673 3397 709 3464 in
736 3398 869 3464 amissis
891 3397 1074 3490 Menandri
1098 3398 1258 3486 operibus
1277 3397 1382 3464 fuisse

410 3597 597 3686 prudenter
619 3598 752 3686 opinari
775 3614 984 3685 possumus;
1011 3581 1093 3664 nam
1115 3597 1332 3684 paucissima,
1353 3598 1383 3664 si

410 3801 512 3884 modo
527 3821 581 3868 res
596 3802 644 3870 ita
658 3823 694 3870 se
708 3796 879 3880 habuerit,
892 3817 1007 3866 creare
1022 3797 1078 3864 vel
1091 3791 1234 3863 aliunde
1244 3797 1381 3866 haurire
1486 3822 1487 3826 ¹

410 4002 529 4070 debuit
550 4003 732 4072 Terentius
753 4024 815 4092 pro
839 4004 1021 4074 nominum
1047 4006 1270 4075 varietatibus
1297 3982 1382 4094 quas

410 4212 462 4272 tot
480 4227 645 4294 personae
665 4229 685 4274 a
705 4207 895 4298 Menandro
914 4208 1013 4276 fiotae
1036 4209 1108 4296 sine
1132 4206 1236 4274 dubio
1260 4206 1382 4273 offere-

411 4405 504 4473 bant.
