3614 5636
753 791 972 856 ..83-

622 1011 696 1082 (nee.
711 1027 731 1066 v
746 1026 770 1066 s.
785 1011 848 1066 ass.
864 1012 927 1067 aea.
941 1011 1015 1081 203.)

787 1170 800 1200 «ι
819 1148 905 1215 Quod
918 1149 976 1206 hoe
992 1163 1086 1220 genus
1101 1153 1189 1207 esa...
1203 1149 1209 1204 Ι
1225 1172 1239 1200 »

379 1334 453 1392 Viris
468 1295 532 1391 esse
547 1334 692 1392 aduersas
706 1295 800 1408 aeque
815 1333 985 1405 studiumst,
1001 1294 1104 1391 similis
1118 1294 1317 1408 pertinaciam.

381 1525 414 1581 ln
425 1486 593 1598 aedemque
602 1539 707 1583 omnes
717 1485 791 1581 mim
800 1523 940 1582 uidentur
947 1485 1021 1582 hrldo
1032 1524 1137 1583 doctae
1148 1523 1187 1582 ad
1199 1484 1354 1580 militiam.

427 1805 556 1874 Demea
573 1825 643 1872 non
661 1805 784 1873 melius
799 1806 841 1873 de
859 1806 900 1872 iis
919 1806 1092 1874 existimat
1115 1825 1122 1870 :
1181 1826 1184 1830 ·

876 2101 942 2172 (Ad.
957 2116 977 2157 v
991 2116 1016 2158 s.
1032 2102 1109 2171 857.)

513 2313 527 2342 «
541 2253 617 2348 Dexi
632 2307 757 2349 uxorem
775 2309 781 2348 :
798 2307 890 2365 quam
904 2255 947 2350 ibi
960 2293 1112 2352 miseriem
1128 2255 1207 2352 uidi!
1226 2313 1240 2350 a

433 2581 541 2652 Senes
564 2605 703 2675 quoque
720 2589 758 2654 in
779 2607 899 2657 earum
917 2587 1113 2656 fabularum
1135 2587 1301 2676 exemplis
1318 2588 1362 2655 de

389 2776 592 2846 mulieribus
610 2780 798 2849 detraxisse
818 2789 911 2850 certo
930 2783 1077 2867 seimus3
1105 2783 1166 2850 sed
1182 2781 1284 2870 longe
1308 2801 1363 2848 as-

389 2980 505 3066 perius
533 3000 590 3048 eas
617 2983 775 3051 mordere
793 2983 976 3067 debebant,
1005 2984 1099 3070 quad
1123 3004 1167 3051 ex
1189 2983 1365 3052 nonnullis

392 3182 548 3251 versibus
574 3184 720 3252 feliciter
745 3185 889 3254 servatis
918 3185 1012 3253 haud
1037 3185 1123 3252 falso
1147 3205 1367 3274 praesumere

392 3383 473 3452 lieet
492 3403 498 3449 :

691 3596 949 3672 (supplementum
962 3604 1070 3670 γνωμῶν
1085 3598 1262 3670 μονοστίχων.)

592 3741 636 3794 57.
653 3737 739 3793 Ὅπου
752 3739 861 3809 γυναῖκές
876 3735 930 3804 εἰσι,
947 3736 1024 3792 πάντ’
1037 3735 1086 3791 ἐκεῖ
1098 3738 1170 3794 κακά.

400 4025 433 4078 ut
451 4019 489 4078 de
508 4021 693 4079 amatoribus
712 4021 847 4079 disserat.
869 4021 927 4080 Sed
948 4021 987 4079 ad
1009 4023 1070 4080 vim
1089 4022 1249 4079 verborum
1266 4043 1281 4074 «
1301 4021 1374 4096 quid

402 4181 471 4222 eum
485 4165 542 4223 illis
556 4180 630 4237 agas
645 4188 659 4218 »
676 4166 898 4239 intelligendam
913 4167 1056 4226 litteratus
1070 4167 1226 4226 Brixiensis
1237 4182 1299 4224 non
1313 4170 1376 4224 tam

406 4309 499 4366 mirus
519 4313 563 4367 est
580 4325 673 4382 quam
692 4311 879 4384 Eugraphius
898 4311 930 4368 in
941 4296 1163 4368 'commentario
1181 4325 1260 4366 suo:
1282 4329 1297 4360 «
1316 4307 1377 4365 Sibi

405 4446 475 4504 dicit
489 4446 599 4505 violate
612 4446 674 4504 filia
687 4445 801 4506 nullam
816 4463 880 4505 esse
893 4463 982 4521 posse
996 4447 1169 4505 vindictam.
1185 4468 1199 4497 »
