3610 5632
862 775 1083 844 ..18-

489 1001 588 1068 metis
628 999 732 1066 filium
765 1001 801 1067 in
836 1000 1094 1070 matrimonium
1129 1009 1351 1092 accepturum
1385 1024 1460 1073 esse

487 1204 577 1292 patri
595 1203 778 1292 pollicitus,
795 1203 877 1291 quia
892 1202 1016 1312 accidit
1031 1210 1071 1271 ut
1084 1202 1228 1292 placeat,
1241 1205 1461 1276 acerbissima

488 1400 690 1472 difficultate
715 1399 891 1470 afficitur:
917 1401 1046 1470 etenim
1071 1401 1176 1472 fidem
1198 1402 1317 1474 tallere
1340 1412 1376 1477 et
1398 1427 1460 1477 ne-

488 1630 594 1698 quam
613 1611 727 1699 putari
744 1629 814 1678 non
832 1608 919 1678 vult.
941 1607 1015 1676 Imo
1033 1627 1104 1677 non
1121 1609 1184 1678 uni
1202 1609 1268 1678 sibi
1284 1609 1458 1697 consulit3

487 1831 638 1900 namque
657 1831 856 1900 quanquam
873 1810 905 1880 ei
925 1808 1096 1899 eontmgit
1113 1817 1153 1881 ut
1172 1809 1237 1880 sibi
1257 1810 1459 1902 Glycerium

488 2014 728 2104 conjungendo
747 2013 820 2081 voti
841 2032 981 2101 compos
1002 2015 1058 2098 sit,
1079 2034 1149 2082 non
1168 2013 1246 2082 ideo
1269 2012 1459 2083 Charinum

488 2215 714 2284 Philumenae
731 2218 905 2324 amantem
923 2212 1147 2285 obliviscitur.

531 2433 686 2503 Audacia
704 2432 845 2522 quidem
863 2431 1063 2538 AEsohinuS,
1084 2432 1268 2501 timiditate
1285 2453 1367 2501 vero
1380 2432 1460 2503 Cte-

487 2638 585 2727 sipho
597 2638 746 2722 eminet3
767 2637 853 2706 alter
863 2636 939 2705 luce
952 2629 1080 2723 palam,
1093 2632 1179 2701 alter
1190 2633 1279 2701 olam
1290 2633 1459 2722 quidlibet

486 2839 586 2926 agit:
612 2839 669 2906 hic
688 2835 849 2925 psaltriae
871 2856 988 2906 amore
1010 2834 1159 2924 flagrans
1179 2837 1223 2904 ad
1245 2836 1336 2905 illius
1355 2857 1456 2926 opem
1523 2785 1526 2790 V

485 3035 653 3124 confugit,
664 3035 737 3123 qui,
746 3035 844 3146 fratri
858 3057 921 3105 suo
932 3040 972 3105 ut
983 3033 1207 3124 gratificetur,
1217 3035 1457 3104 difficillimum

485 3239 551 3308 sibi
570 3234 750 3327 negotium
771 3237 957 3326 importare
981 3235 1016 3303 et
1039 3233 1221 3303 maledicta
1244 3235 1360 3303 subire
1384 3255 1455 3304 non

484 3440 630 3509 dubitat.
654 3437 908 3506 Fraudulentus
925 3434 1088 3524 Ctesipho
1110 3441 1244 3525 patrem
1260 3457 1323 3525 pro
1345 3435 1454 3504 iacul-

482 3643 552 3707 tate
570 3658 633 3706 sua
650 3636 788 3726 decipit,
809 3655 914 3723 quem
930 3635 967 3702 in
975 3635 1065 3705 lecto
1076 3636 1189 3723 jacere
1207 3634 1318 3705 tribus
1332 3637 1454 3705 diebus

482 3840 588 3927 eupit,
609 3845 648 3906 ut
670 3837 851 3906 commodo
871 3857 934 3904 suo
955 3835 1111 3905 lascivire
1124 3843 1240 3924 queat.
1264 3835 1453 3905 AEsehinus

481 4036 708 4104 simulationis
720 4034 943 4103 nesoiu'sdolo
961 4035 999 4101 in
1010 4035 1246 4124 adoptatorem
1266 4054 1368 4103 suum
1381 4052 1452 4101 non

480 4243 666 4325 grassatur,
688 4257 837 4325 eumque
862 4236 972 4324 magis
990 4255 1095 4324 quam
1117 4235 1234 4305 oculos
1249 4255 1341 4316 suos,
1367 4233 1451 4322 quid
1595 4224 1597 4228 ’

477 4436 594 4527 plural
616 4457 724 4528 aeque
738 4457 778 4506 ac
790 4436 1007 4528 Pamphilam
1025 4459 1123 4508 suam
1136 4446 1239 4510 amat.
1255 4437 1446 4510 Consilium
