3614 5636
725 771 964 836 -113-

361 988 555 1076 impleatur,
582 991 752 1077 siquidem
777 995 892 1080 graeei
915 1001 1037 1082 poetae
1061 997 1269 1065 imitatorem
1295 1020 1334 1066 ac

360 1189 566 1277 discipulum
590 1191 663 1278 ipse
688 1212 724 1260 se
748 1192 927 1261 fateatur:
955 1195 1040 1263 adeo
1061 1202 1100 1264 ut
1125 1197 1168 1264 de
1186 1199 1332 1266 Menan-

360 1392 450 1458 dreis
475 1393 632 1479 parasitis
655 1399 730 1460 tum
757 1395 899 1462 demum
918 1403 1010 1465 recte
1034 1399 1141 1486 possis
1164 1400 1329 1486 judicare,

358 1614 479 1680 quum,
508 1595 659 1662 excussis
687 1595 840 1694 Terentii
861 1597 999 1681 fabulis,
1026 1619 1111 1686 quas
1130 1604 1243 1686 partes
1269 1599 1332 1666 tri-

357 1791 471 1861 buerit
486 1793 543 1861 hic
558 1794 616 1863 isti
634 1795 815 1864 hominum
832 1795 952 1883 generi
968 1797 1118 1863 noveris
1144 1819 1160 1859 »

401 2021 492 2091 Satis
506 2023 758 2093 demonstrasse
775 2025 861 2092 mihi
879 2026 999 2093 videor
1015 2045 1121 2112 quam
1139 2045 1239 2113 saepe
1263 2024 1331 2092 Te-

255 2311 259 2320 ·
358 2224 488 2292 rentius
502 2225 576 2293 sine
588 2226 713 2294 cortice
727 2228 874 2311 navarit,
883 2229 1014 2296 nedum
1020 2229 1141 2315 utique
1147 2227 1331 2296 Menandri

359 2426 512 2513 vestigiis
526 2446 643 2514 presse
657 2427 831 2495 institerit.
849 2427 970 2515 Itaque
979 2429 1008 2495 si
1023 2429 1099 2515 quis
1111 2430 1266 2496 animum
1278 2430 1331 2496 in-

357 2625 499 2693 duceret
523 2627 588 2695 sibi
616 2627 718 2696 licere
745 2628 897 2696 indolem
928 2649 1154 2717 personarum
1184 2629 1330 2698 Menan-

356 2829 516 2896 drearum
539 2849 582 2898 ex
606 2830 721 2898 indole
744 2830 1031 2900 Terentianarum
1048 2851 1148 2899 nosse
1173 2831 1327 2919 pulchre,
1382 2803 1387 2880 ζ

355 3030 546 3117 periculum
561 3030 651 3099 foret
667 3051 711 3098 ne
724 3031 762 3098 in
776 3052 891 3100 errore
907 3033 1108 3121 frequenter
1122 3038 1328 3116 versaretur,

355 3230 422 3298 nisi
445 3237 582 3299 curaret
600 3238 640 3300 ut
663 3252 766 3301 suum
791 3233 916 3320 cuique
936 3233 1158 3302 tribueretur.
1186 3232 1330 3301 Latinus

356 3391 450 3500 enim
462 3431 690 3502 Poetamores
699 3434 1117 3520 nonnunquammutavit‚
1126 3433 1330 3521 plerumque

356 3634 562 3721 temperavit
583 3653 590 3698 :
611 3653 716 3720 quam
730 3632 859 3702 obrem
876 3632 1063 3718 aCaesare,
1078 3634 1139 3720 qui
1154 3634 1332 3701 deminuta

356 3834 648 3922 exemplariumvi
666 3834 816 3918 dolebat,
833 3835 945 3902 dictus
958 3839 1010 3902 est
1022 3833 1236 3902 dimidiatus
1251 3832 1332 3901 Me-

358 4038 512 4107 nander.
540 4037 616 4105 Hoc
643 4057 725 4106 vero
752 4056 946 4125 cognomen
962 4056 1032 4103 non
1058 4034 1143 4101 mihi
1161 4033 1328 4122 displicet,

356 4237 438 4322 quia
455 4238 552 4305 illum
569 4238 692 4325 probat
706 4238 832 4305 alienas
849 4258 1012 4326 personas
1026 4238 1075 4305 ita
1091 4236 1274 4318 effinxisse,
1291 4240 1332 4302 ut

356 4457 412 4503 eas
432 4443 529 4524 parte
547 4436 662 4524 aliqua
676 4458 756 4504 suas
774 4437 905 4505 iecerit.
926 4435 1074 4524 Deploro
1086 4437 1179 4522 quod
1199 4433 1332 4502 Teuffel

695 4533 704 4554 ⁸
1132 4541 1153 4610 8
