3614 5636
774 799 993 864 -91-
1096 781 1167 852 Ν

439 1024 540 1091 Hane
569 1041 707 1109 quoque
738 1021 957 1089 immodicam
993 1021 1223 1088 reverentiam
1259 1021 1368 1090 Poeta

393 1246 464 1292 non
475 1223 620 1306 effinxit,
634 1243 739 1310 quam
750 1223 884 1311 parenti
896 1221 998 1306 filius,
1016 1224 1108 1311 apud
1119 1223 1363 1308 Menandrum,

394 1443 503 1511 usque
532 1443 572 1492 eo
601 1422 811 1511 praestabat,
841 1427 896 1506 ut,
929 1424 1112 1492 commissa
1136 1377 1253 1514 eulpa,
1286 1446 1368 1494 eum

360 1612 362 1616 ’
394 1631 523 1698 eontra,
531 1626 659 1694 intueri
678 1645 748 1693 non
766 1625 909 1693 auderet
931 1643 938 1690 :

513 1963 514 1966 ’
620 1972 812 2046 (lacertorum
825 1971 997 2030 fabularum
1010 1970 1178 2043 fragmento
1191 1971 1261 2044 mx.)

570 2152 729 2227 Αἰσχύνομαι
742 2153 784 2208 τὸν
800 2157 905 2225 euripo,
921 2153 1078 2226 Κλειτοφῶν,
1096 2154 1181 2226 μόνον.

570 2324 720 2400 ἀντιβλέπειν
736 2329 824 2386 ἐκεῖνον
839 2328 867 2385 οὖ
881 2333 1018 2403 δυνήσομαι

569 2506 660 2567 ἀδικῶν
677 2531 683 2544 ·
698 2509 730 2566 τὰ
743 2507 837 2564 δ’ἄλλα
850 2511 939 2582 ῥᾳδίως
953 2513 1118 2584 χειρώσομαι.

436 2841 484 2909 Hi
492 2859 612 2909 versus
627 2839 1021 2909 Heautontimorumeno
1033 2840 1190 2908 connecti
1202 2844 1364 2927 possunt;

391 3062 519 3112 nomen
539 3041 631 3109 enim
655 3056 801 3126 Κλειτοφῶν
819 3059 876 3106 me
893 3037 1033 3106 adducit
1055 3042 1096 3105 ut
1112 3057 1295 3126 personam
1314 3035 1364 3103 lo·
1410 3119 1412 3122 .

392 3244 556 3356 quantem
579 3239 777 3308 Menedemi
798 3239 909 3308 filium
931 3259 1005 3308 esso
1025 3239 1230 3321 existimem,
1256 3257 1365 3324 quum

390 3442 616 3510 Terentianus
641 3440 752 3510 Clinia
773 3442 810 3508 in
827 3461 865 3510 re
883 3441 1057 3508 simillima
1070 3444 1228 3508 versetur
1249 3459 1256 3505 ε
1283 3458 1364 3528 peo-

389 3643 481 3712 oavit
502 3644 539 3710 in
561 3648 708 3731 patrem,
731 3642 923 3710 scilicetne
943 3605 984 3709 eo
1007 3639 1148 3728 quidem
1172 3639 1361 3723 admonito,

389 3837 509 3904 Asiam
522 3837 656 3926 petivit,
678 3838 771 3906 unde
782 3843 860 3926 post
876 3843 946 3904 tres
958 3856 1095 3904 menses
1107 3855 1277 3917 reversus,
1293 3854 1362 3922 quo

389 4058 426 4104 se
440 4034 552 4105 vertat
570 4038 702 4121 nescit;
721 4038 782 4105 sed
800 4037 908 4105 Poeta
926 4036 1053 4105 latinus
1067 4057 1138 4104 non
1157 4035 1305 4103 Cliniam
1327 4056 1363 4103 se

389 4234 588 4324 Clitiphoni,
609 4236 841 4325 Clitiphonem
853 4259 935 4306 varo
947 4239 1037 4326 patri
1051 4259 1113 4306 suo
1125 4255 1245 4305 sensus
1260 4237 1361 4304 amiei

388 4438 599 4524 aperientem
618 4437 719 4526 fingit
740 4456 747 4502 :
