3610 5632
760 811 980 877 ...55-

382 1043 418 1106 et
437 1057 506 1124 qua
530 1041 646 1102 mente
669 1034 884 1102 transtulerit
904 1035 1135 1103 Menandrum
1159 1038 1353 1125 Terentius

383 1239 691 1308 contradicentem
715 1237 960 1306 Rummlerum
983 1256 990 1304 :
1018 1262 1035 1300 «
1055 1239 1108 1305 Ex
1130 1260 1356 1328 personarum

382 1435 667 1504 Terentianarum
699 1434 897 1502 nominibus
926 1434 1013 1502 nihil
1041 1436 1245 1504 concludere
1275 1457 1355 1527 pos-

381 1648 500 1695 sumus
519 1628 562 1695 de
583 1629 687 1695 modo
709 1646 749 1695 ac
772 1628 904 1696 ratione
922 1628 1048 1715 quibus
1068 1635 1170 1717 poeta
1191 1651 1354 1700 romanus

379 1831 414 1897 in
435 1832 609 1900 vertendis
627 1831 752 1900 fabulis
770 1852 852 1899 usus
873 1837 926 1901 est
940 1832 1003 1918 (1.)
1025 1855 1041 1896 u
1062 1832 1130 1910 Qui
1150 1856 1221 1903 non
1241 1836 1353 1903 solum

379 2030 521 2109 fallitur,
543 2051 665 2098 verum
684 2032 788 2098 etiam
807 2030 960 2098 nonsibi
979 2038 1113 2099 constat
1130 2033 1321 2120 adjiciendo
1342 2054 1349 2100 :

380 2259 396 2297 «
423 2233 551 2322 Siqua
574 2253 694 2301 caussa
722 2232 890 2301 adductus
916 2233 1058 2300 nomina
1086 2235 1352 2318 variantium

375 2438 520 2504 fortasse
555 2437 632 2520 fuit,
667 2437 773 2524 quod,
812 2457 900 2524 quae
933 2437 1090 2506 adhibuit
1125 2458 1350 2526 personarum

375 2639 533 2722 nomina,
566 2616 734 2706 Romanis
762 2637 834 2725 jam
862 2637 1004 2705 fuerunt
1030 2637 1166 2706 usitate.
1203 2661 1220 2699 »
1253 2638 1347 2704 Num

375 2843 534 2911 Lachetis
553 2849 613 2910 aut
627 2844 788 2926 Demeae,
803 2843 956 2924 Thaidis,
973 2842 1171 2925 Thrasonis,
1189 2842 1347 2910 Minionis

372 3053 525 3136 nomina,
553 3072 641 3139 quae
663 3052 754 3139 apud
781 3051 944 3120 Plautum
959 3071 1004 3118 ne
1021 3049 1248 3118 inveniuntur
1267 3048 1345 3135 qui-

371 3251 463 3334 dem,
485 3249 649 3334 simonie,
670 3250 860 3339 Chrysidis,
882 3250 1025 3333 Biantis,
1038 3249 1220 3337 Lampriae
1234 3249 1345 3316 nomi-

371 3420 473 3525 nibus
502 3457 680 3525 usitatiora
704 3457 776 3544 jam
804 3455 973 3524 ruerant?
1000 3457 1093 3543 Ergo
1119 3456 1221 3544 longe
1250 3454 1345 3521 aliud

370 3667 444 3729 erat
460 3661 614 3729 Terentii
631 3659 824 3728 consilium.

413 3854 588 3920 Nimirum
605 3852 642 3919 in
655 3873 793 3940 quoque
808 3858 940 3920 mutato
952 3853 1092 3919 nomine
1108 3853 1238 3938 aliquid
1251 3853 1342 3918 inest

367 4058 460 4145 quod
486 4058 559 4125 iere
582 4057 627 4124 ad
650 4056 802 4123 indolem
828 4060 889 4123 aut
916 4055 1148 4124 conditionem
1174 4055 1341 4141 cujusque

367 4274 534 4341 personae
553 4247 694 4341 spectat.
717 4252 800 4320 Inde
818 4257 960 4340 apparet
979 4251 1181 4320 Terentium
1201 4252 1340 4317 nomina

401 4489 437 4560 (¹)
454 4487 647 4555 Quaestiones
661 4486 862 4544 Terentianae.
880 4503 910 4560 p.
925 4489 961 4542 20
977 4485 1052 4542 llelis
1068 4486 1220 4544 Saxonum
1236 4488 1313 4541 1873.
