3610 5632
764 749 981 814 „35-

387 973 589 1040 liberalitate
608 971 708 1059 parit,
730 991 794 1038 nec
817 973 1010 1039 cavendnm
1034 979 1086 1039 est
1108 991 1152 1038 ne
1169 971 1256 1038 tanti
1273 990 1340 1058 pen

386 1175 488 1241 datur
507 1173 628 1260 quanti
645 1173 769 1260 pudica
787 1172 912 1240 mulier
920 1191 930 1256 ;
953 1173 1027 1260 ejus
1044 1174 1137 1240 enim
1156 1172 1253 1240 dotes
1270 1171 1360 1238 infa-
1420 1279 1423 1284 Ι

387 1393 492 1457 mem,
513 1393 618 1460 quam
635 1373 742 1462 degit,
762 1373 870 1442 vitam
888 1374 1070 1443 obliterare
1088 1393 1159 1442 non
1173 1380 1328 1461 possunt.

434 1572 687 1642 Beneficiorum
696 1574 906 1662 aPamphilo
918 1579 1216 1663 acceptorumtam
1227 1591 1361 1640 memor

390 1783 453 1861 est,
474 1782 525 1859 ut,
542 1776 701 1845 Lachetis
718 1782 854 1864 rogatu,
870 1797 941 1844 non
954 1781 1089 1844 recuset
1103 1776 1188 1862 quin
1202 1775 1245 1843 ad
1259 1775 1360 1863 Myr-

389 1974 500 2041 rinam
518 1979 585 2058 eat,
608 1974 644 2041 in
669 1974 789 2040 matris
809 1980 844 2042 et
862 1971 952 2040 filiae
970 1978 1155 2062 conspectu
1175 1992 1223 2056 se,
1244 1972 1360 2040 statim

388 2185 466 2268 post
497 2178 670 2268 Pamphili
702 2179 977 2262 matrimonium,
1009 2198 1146 2246 omnem
1184 2175 1361 2245 diremisse

391 2376 1359 2466 conjunctionemaffirmatura.Quamtameneampudct!

390 2581 467 2648 Hoc
491 2579 698 2648 Bacchidem
724 2580 924 2648 benefacere
944 2579 1090 2648 fimiter
1112 2579 1201 2648 velle
1223 2580 1359 2668 probat,

389 2780 508 2869 illique
522 2855 525 2860 ,
539 2785 741 2848 ornamento
768 2784 831 2847 est.
865 2777 924 2846 Sic
950 2779 1084 2867 agendo
1113 2779 1150 2847 in
1181 2779 1362 2868 pn‘stinam

392 2975 610 3044 concordiam
625 2974 788 3063 conjuges
800 2973 952 3041 reducet.
968 2971 1060 3049 Quid
1070 2974 1243 3042 meretrici
1252 2975 1363 3063 magis

391 3172 570 3243 insolitum
588 3177 624 3241 et
640 3171 831 3241 decorum?
850 3171 975 3241 Nonne
997 3192 1129 3259 revera,
1148 3180 1226 3263 post
1245 3174 1366 3242 annuli

392 3359 625 3464 cognitionem
639 3373 766 3443 iactam
778 3393 847 3462 quo
862 3373 1089 3444 Philumenae
1108 3381 1226 3465 erepto
1239 3376 1365 3444 donata

393 3589 478 3668 erat,
498 3584 609 3696 ahena
631 3582 794 3652 felicitate
819 3583 995 3651 laetatur?
1013 3583 1070 3666 Et,
1095 3603 1204 3670 quum
1231 3582 1365 3650 adoles-

395 3799 475 3847 cens
485 3779 612 3868 gaudio
621 3779 779 3867 pedasus
789 3800 825 3847 se
834 3779 885 3847 illi
896 3784 1072 3869 acceptam
1082 3778 1229 3847 salutem
1237 3778 1366 3847 referre

396 3977 589 4066 profitetur,
606 3982 729 4066 sponte
747 3998 810 4046 sua
828 3977 972 4046 Bacchis
991 3976 1200 4066 respondet:

434 4308 437 4312 ·
518 4303 532 4333 (ι
548 4284 625 4338 Bene
639 4240 750 4338 fictum
764 4282 793 4337 et
805 4277 899 4350 uolup
914 4279 966 4334 est.
983 4297 997 4328 n

968 4412 1042 4484 (Hec.
1058 4426 1078 4468 v
1092 4426 1116 4467 s.
1133 4412 1207 4470 857.)
