3610 5632
399 2367 601 2435 Terentium
613 2364 766 2453 profecto
779 2383 815 2430 se
824 2368 938 2431 totum
949 2362 992 2428 ad
1004 2363 1204 2430 imitationis
1212 2363 1328 2430 anxie-

355 2579 462 2641 tatem
478 2593 549 2639 non
569 2589 704 2658 semper
723 2567 909 2635 contulisse
926 2564 1148 2654 inpraesenti
1166 2563 1329 2632 manifes-

355 2778 431 2840 tum
460 2779 522 2840 est.
558 2772 716 2860 Namque
746 2773 789 2838 ab
820 2772 985 2861 exemplis
1017 2792 1117 2860 saepe
1147 2772 1329 2859 degressus

356 2979 419 3055 est,
441 2973 514 3039 sive
528 2972 610 3060 quia
628 2972 665 3038 in
683 2971 808 3039 fabulis
828 2971 899 3039 suis
920 2971 969 3056 (1)
989 2971 1099 3039 multa
1116 2971 1265 3040 mutavit
1287 2971 1330 3037 ad

394 3249 431 3320 (l)
446 3247 588 3320 Prologos
605 3246 819 3320 praetermitto,
841 3247 893 3321 qui
912 3252 1012 3306 tamen
1031 3248 1133 3323 aliqua
1147 3252 1230 3323 parte
1249 3248 1331 3306 aliter

358 3385 514 3459 compositi
534 3385 653 3444 fuerunt
667 3390 756 3459 atque
776 3387 993 3461 exemplarium
1006 3387 1123 3461 prologi
1141 3392 1235 3456 erant,
1251 3392 1283 3445 ut
1301 3387 1332 3445 id

358 3526 391 3577 Α.
413 3524 442 3578 L.
466 3522 621 3598 RiLiebig
642 3526 690 3581 Dr.
713 3524 787 3598 phil.
807 3540 869 3581 non
889 3524 999 3582 frustra
1016 3523 1063 3580 his
1086 3523 1185 3580 verbis
1207 3523 1329 3581 statuit:

323 3663 325 3666 ’
362 3676 373 3706 α
391 3655 528 3728 Sequitur
540 3673 575 3712 ex
589 3657 647 3713 hae
657 3656 857 3731 disputatione
868 3662 935 3716 ante
946 3657 1049 3713 oeulos
1058 3655 1182 3729 quidem
1191 3656 1332 3714 habuisse

360 3793 490 3850 eomioos
513 3793 621 3850 latinos
649 3808 745 3866 genus
769 3793 926 3867 quoddam
950 3793 1145 3867 prologorum
1174 3807 1193 3850 a
1220 3793 1333 3865 graecis

359 3929 454 4002 poetis
475 3930 710 4003 compositorum
735 3935 763 3988 et
783 3930 814 3987 in
839 3929 991 3987 nonnullis
1015 3928 1199 4003 quibusdam
1225 3928 1334 3986 fabulis

359 4057 497 4134 imitatos
520 4063 573 4120 sed
594 4079 672 4136 quae
698 4065 892 4138 prologorum
913 4068 1013 4137 partes
1037 4079 1097 4120 non
1123 4067 1334 4135 argumentum

360 4202 482 4254 narrant
511 4196 622 4270 quique
646 4198 766 4272 prologi
793 4197 962 4270 argumenti
984 4197 1057 4254 nihil
1079 4197 1206 4268 habent,
1235 4198 1265 4254 in
1288 4199 1333 4254 his

362 4341 466 4410 poetae
481 4335 564 4394 latini
579 4351 702 4408 maenus
718 4353 780 4394 non
795 4338 897 4396 sectati
913 4340 991 4394 sunt.
1008 4359 1021 4387 »

348 4531 350 4536 .
400 4479 438 4531 lle
454 4472 586 4548 prologis
600 4473 781 4530 Terentianis
797 4478 825 4531 et
838 4471 977 4530 Plautinis
991 4489 1022 4546 p.
1039 4471 1298 4528 50Goerlil21859.
