3614 5636
830 815 871 826 -
917 777 961 844 98
1007 813 1048 824 ..

492 1001 770 1068 Chaerestraturn
778 1000 992 1087 Davrrsapurl
1002 999 1232 1066 Menandrum
1241 1000 1425 1068 hisexhor-

450 1201 637 1269 rationibus
654 1200 749 1268 fovet
771 1218 778 1264 :

1013 1428 1046 1503 (ἐν
1063 1427 1214 1505 Εὐνούχῳ.)

592 1591 607 1621 «
622 1570 666 1639 Μὴ
682 1570 810 1644 θεομάχει,
827 1568 889 1642 μηδὲ
903 1568 1029 1642 προσάγου
1041 1575 1080 1642 τῷ
1093 1568 1224 1642 πράγματι
1238 1589 1253 1620 a

592 1738 607 1768 α
624 1723 749 1791 χειμῶνας
764 1717 870 1788 ἑτέρους,
884 1715 940 1779 τοὺς
955 1711 1128 1788 δ’ἆναγιαίους
1141 1717 1207 1788 φέρε.
1225 1734 1239 1770 n

492 2011 567 2080 Tali
584 2013 737 2080 oratione
759 2031 899 2100 prorsus
918 2009 1143 2080 confirmatur
1167 2031 1334 2099 personae
1353 2011 1421 2078 im-

446 2212 597 2301 probitas
620 2231 726 2298 quam
751 2230 880 2277 nomen
905 2209 1016 2277 solum
1042 2210 1211 2299 designat.
1239 2208 1306 2278 Cui
1328 2211 1421 2278 enim

446 2416 522 2498 deo,
537 2415 602 2483 nisi
615 2413 744 2481 Veneri
758 2413 951 2501 impudicae
966 2419 1005 2481 ut
1016 2413 1107 2480 ultro
1125 2419 1242 2500 pareat
1252 2412 1420 2480 Chaeres-

444 2622 555 2684 tratus
567 2635 696 2683 aservo
708 2613 892 2682 incitatur?
902 2615 948 2684 Et
957 2613 1272 2682 animadvertamus
1282 2614 1419 2681 Davum

445 2817 558 2884 dicere
582 2822 718 2916 tanturn
745 2840 761 2878 <r
785 2801 841 2902 φέρε
865 2835 907 2900 »;
932 2836 976 2884 err
997 2835 1066 2904 quo
1087 2816 1241 2884 nascitur
1263 2821 1314 2899 ut,
1340 2821 1419 2903 post

447 3042 464 3080 ι(
485 3033 517 3103 μὴ
537 3032 654 3105 osope-Aa
667 3041 683 3081 >r
699 3018 844 3087 verbum
863 3039 970 3086 unum
991 3043 1007 3082 ι(
1023 3037 1079 3106 φέρε
1098 3042 1113 3081 a
1130 3019 1232 3087 taeite
1245 3019 1420 3086 contineat

444 3229 572 3291 δουλικῶς.
599 3211 691 3290 Quid
709 3213 807 3302 pejus
827 3214 926 3282 istius
950 3214 1045 3282 modi
1070 3212 1305 3282 documento?
1330 3213 1418 3280 Pro-

443 3415 557 3502 prium
569 3422 621 3483 est
632 3416 740 3504 igitur
750 3416 839 3484 Davi
852 3416 1051 3485 libidinibus
1066 3418 1290 3486 adolescentis
1300 3417 1417 3486 favere

443 3621 478 3684 et
494 3635 575 3684 eum
592 3615 628 3683 in
647 3616 784 3704 flagitiis
802 3619 962 3702 retinere,
987 3619 1213 3687 Parmenonis
1228 3641 1311 3688 vere
1333 3619 1417 3686 ado-

442 3818 626 3888 lescentem
648 3821 820 3890 meretrici
850 3821 1058 3890 servientem
1083 3842 1185 3911 aegre
1209 3823 1338 3906 videre,
1367 3829 1414 3905 et,

442 4017 619 4085 occasione
633 4019 724 4102 daia,
743 4025 876 4088 tentare
894 4027 933 4088 ut
951 4041 1031 4088 eum
1047 4021 1131 4109 jugo
1151 4023 1283 4108 eripiat.
1303 4021 1416 4100 Quam

442 4217 487 4286 eb
505 4239 577 4286 rern
600 4219 684 4286 haee
701 4241 883 4337 personae
901 4223 1062 4290 Terentio
1080 4229 1213 4310 partem
1229 4225 1414 4290 rrrarrirrram

440 4421 580 4489 inventa
608 4428 671 4489 est.
698 4422 756 4490 Sic
783 4422 893 4490 Persii
914 4432 1014 4492 vetus
1039 4425 1208 4512 glossator
1231 4427 1416 4515 diligenter
