3614 5636
799 757 1039 824 -110-

433 983 499 1052 illis
524 983 654 1072 aliquot
678 983 751 1070 ejus
774 982 873 1051 dietis
898 981 1002 1050 modo
1027 982 1139 1050 citatis
1161 982 1255 1049 haud
1275 989 1406 1051 temere

433 1181 591 1252 arbitrari
604 1200 798 1269 possumus.
822 1181 941 1268 ltaque
961 1180 1179 1251 Gnathonem
1197 1188 1322 1252 natura
1333 1185 1408 1272 ipsa

432 1383 670 1452 adulationum
701 1380 884 1467 aliquando
923 1379 1099 1449 Struthiae
1132 1381 1302 1469 disparem
1332 1401 1407 1449 asse

430 1587 537 1670 patet.

477 1778 700 1856 Quinetiam
730 1777 905 1847 Struthias
931 1778 1088 1866 parasitis
1115 1777 1297 1846 voracibus
1323 1777 1407 1845 olari

431 1980 581 2049 nominis
595 1979 779 2048 aoeadabat
792 1979 982 2047 secundum
997 1983 1174 2047 auctorem
1192 1997 1406 2066 anonymum

432 2181 524 2269 aplld
536 2179 682 2250 suidam
696 2178 773 2268 Hp.
789 2181 854 2247 327
876 2199 884 2246 ἶ
900 2203 919 2243 ‹(
938 2195 961 2250 ol
978 2194 1101 2262 Ἓλληνες
1117 2194 1271 2266 Κλεισόφους
1284 2213 1310 2248 τε
1320 2194 1405 2263 ᾅδουσι

432 2393 473 2445 καὶ
487 2391 611 2462 Θήρωνας
620 2391 660 2444 καὶ
669 2391 804 2462 Στρουθίας
814 2391 854 2443 ael
863 2390 1052 2460 Χαιρεφῶντας,
1063 2385 1205 2460 ἀνθρώπους
1216 2387 1300 2443 ἐσθίειν
1311 2386 1405 2450 εἰδότας

433 2596 466 2660 εἷς
483 2597 557 2667 κόρον
576 2597 616 2650 καὶ
633 2595 725 2658 δεινοὺς
743 2599 862 2667 γαστέρα.
888 2603 905 2643 >›
931 2581 982 2649 Ila
1004 2579 1044 2649 fid
1064 2587 1104 2648 ui
1125 2580 1190 2649 isle
1211 2580 1340 2668 pariter
1362 2579 1405 2646 dd

432 2783 624 2851 satietatem
639 2781 808 2868 prandere
827 2781 930 2850 sciret
947 2788 982 2851 et
998 2782 1159 2851 terribilis
1175 2781 1291 2850 helluo
1301 2785 1401 2849 esset.

431 2974 575 3043 Atenim
592 2974 784 3043 Menander
802 2976 866 3043 sub
879 2978 1106 3065 parasitorum
1125 2997 1271 3066 persona
1287 2997 1404 3044 assen-

432 3182 560 3245 tatores
567 3177 768 3265 praesertim
776 3178 1057 3265 repraesentavit,
1069 3198 1218 3266 quorum
1231 3176 1404 3246 Struthias

432 3388 485 3451 est
502 3383 673 3471 princeps,
695 3388 730 3450 et
747 3383 874 3450 lemma
889 3382 1026 3450 fabulae
1045 3384 1154 3471 aperit
1171 3383 1256 3471 quid
1273 3384 1310 3451 in
1324 3403 1404 3471 per-

431 3603 516 3650 sona
537 3581 743 3670 praevaleat.
770 3580 840 3648 Sed
865 3602 1003 3670 quoque
1019 3603 1091 3650 non
1114 3590 1166 3652 est
1186 3583 1404 3671 praetermit-

376 3805 378 3810 ’
430 3781 575 3850 tendum
589 3779 766 3869 proprium
776 3779 879 3867 hujus
891 3781 1119 3868 nomenquod
1128 3801 1172 3848 ex
1181 3781 1401 3870 etymologia,

432 3990 472 4054 ut
484 4007 587 4074 supra
599 3986 708 4070 offeci,
723 3987 819 4055 velut
831 3988 995 4074 quiddam
1007 3989 1156 4076 parasito
1166 3989 1401 4076 praecipuum,

431 4189 636 4259 edacitatem
650 4190 789 4258 indicat.
807 4189 907 4257 Adde
927 4170 1020 4278 quod
1034 4191 1070 4257 in
1084 4189 1205 4259 Calaoe
1219 4190 1404 4278 apparebat

430 4409 574 4476 eoquus,
601 4389 700 4476 quasi
729 4387 884 4476 pontifex
910 4408 1057 4476 magnae
1089 4388 1275 4476 majestatis
1306 4387 1403 4474 cujus
