3610 5632
843 752 1060 818 ..46-

466 995 689 1066 personarum
721 974 862 1040 nomina
896 993 1142 1061 Saepenumero
1179 998 1246 1043 non
1284 999 1437 1049 SOI'VffiSO

464 1173 622 1240 arbitrari
652 1172 742 1239 licet.
771 1171 972 1238 Athenaeus
1001 1169 1050 1253 (1)
1082 1175 1117 1237 et
1148 1170 1353 1241 Plutarchus
1387 1176 1436 1260 (2)

464 1381 716 1449 Menandreum
745 1381 895 1448 colacem
922 1379 1115 1449 Struthiam
1135 1389 1270 1451 vocant.
1299 1384 1331 1450 A
1351 1383 1436 1452 Plu-

463 1579 582 1647 tarcho
601 1577 700 1646 miles
723 1577 892 1667 gloriosus
910 1578 988 1646 Bias
1008 1579 1045 1645 in
1064 1579 1186 1646 eodem
1204 1580 1278 1648 loco
1297 1583 1433 1652 dicitur.

463 1779 572 1866 Atqui
587 1779 780 1861 Terentius,
796 1779 902 1865 quiin
917 1778 1126 1846 Eunuchum
1138 1799 1236 1846 suam
1248 1786 1434 1868 utrumque

462 1980 650 2062 transtulit,
671 2000 779 2048 unum
802 1978 1032 2062 Gnathonem,
1052 1979 1200 2048 alterum
1222 1981 1434 2049 Thrasonem

462 2189 650 2272 nuncupat.
674 2183 768 2251 Idem
789 2182 833 2250 de
849 2182 1006 2269 pluribus
1029 2183 1103 2270 ejus
1120 2184 1256 2252 fabulae
1278 2185 1433 2273 personis

461 2388 681 2471 factumest,
713 2389 742 2455 si
770 2389 1027 2456 adnotationem
1057 2410 1077 2454 a
1107 2396 1223 2459 vetera
1245 2391 1433 2480 glossatore

465 2588 575 2656 Persii
598 2589 721 2656 satirae
744 2588 793 2674 (3)
817 2608 841 2654 v
864 2590 979 2657 versui
1004 2591 1068 2657 161
1093 2592 1290 2680 adjunctam
1314 2595 1432 2663 audire

461 2787 649 2854 volumus:
678 2808 695 2848 «
723 2785 827 2854 Hunc
847 2788 961 2855 locum
988 2809 1031 2856 ex
1055 2790 1237 2859 Menandri
1262 2793 1431 2863 Eunucho

459 2993 575 3077 traxit,
600 2993 636 3059 in
656 3013 725 3079 quo
749 2992 887 3059 Dauum
908 3012 1048 3060 seruum
1068 2992 1326 3064 Chaerestratus
1347 2996 1430 3065 ado-

459 3185 588 3254 lescens
608 3184 804 3273 alloquitur,
821 3191 987 3271 tanquam
999 3206 1115 3255 amore
1130 3187 1307 3276 Chrysidis
1319 3208 1430 3258 mere-

456 3397 550 3464 tricis
574 3395 778 3477 derelictus3
805 3395 966 3483 idemque
984 3403 1101 3465 tamen
1124 3397 1166 3465 ab
1186 3418 1227 3464 ea
1249 3403 1429 3465 reuocatus

456 3599 500 3665 ad
520 3597 615 3664 illam
638 3597 738 3665 redit.
765 3596 869 3684 Apud
892 3598 1092 3667 Terentium
1113 3619 1279 3686 personae
1300 3599 1428 3665 immu-

454 3802 545 3865 tatae
560 3801 652 3864 sunt.
678 3820 694 3859 »
715 3797 871 3884 Denique
886 3817 929 3864 ex
943 3795 1139 3865 testimonio
1154 3795 1290 3880 Donati,
1306 3794 1428 3864 Simon

489 4090 526 4163 (l)
542 4091 583 4146 De
596 4089 765 4148 Alexandro
778 4088 887 4148 bibaci.

490 4255 526 4328 (2)
541 4258 582 4312 lle
596 4255 750 4314 adulatore
764 4260 793 4313 et
803 4256 911 4313 amico.

489 4423 526 4496 (3)
541 4425 573 4480 ln
587 4422 707 4481 officina
721 4422 837 4480 Roherti
852 4422 1003 4498 Stephani.
1021 4422 1148 4482 Lutetiae
1164 4426 1241 4481 1585.
