3610 5632
742 755 959 829 ..29-

364 1000 500 1054 necnon
527 1003 546 1044 c
569 981 802 1052 taciturnitate
828 1004 858 1066 r,
884 986 933 1064 ot,
955 986 994 1050 ut
1017 999 1097 1050 maa
1115 981 1184 1050 fert
1205 982 1335 1072 opinio,

365 1183 480 1293 animo
497 1183 541 1251 ad
564 1184 816 1272 suscipiendam
838 1183 1063 1254 offomiman
1086 1182 1182 1252 molli
1205 1150 1337 1268 emtam

365 1377 528 1476 quoniam
558 1379 705 1450 miratur
734 1380 829 1470 quod
859 1379 1021 1450 dominus
1056 1377 1123 1450 sibi
1158 1398 1340 1468 nunquam

365 1580 501 1688 ingrato
525 1579 643 1650 omnia
664 1578 831 1648 beneficia
855 1585 1112 1650 commemorat.
1141 1578 1338 1690 Sapientiae

366 1782 500 1873 plenus,
528 1783 645 1855 laudat
672 1782 855 1869 antiquum
881 1787 917 1850 et
941 1781 1090 1852 salutare
1115 1788 1339 1890 praeceptum

369 1999 386 2039 t(
407 1991 495 2062 Μηδὲν
510 1991 581 2064 ἄγαν.
605 2001 622 2042 ))

546 2337 647 2408 (Andr.
662 2351 682 2395 v
696 2353 720 2395 s.
737 2340 781 2395 tc.
797 2340 852 2410 tt.)
1062 2291 1098 2398 'id
1112 2301 1240 2400 irhitror
1255 2363 1269 2392 »ι

463 2543 476 2572 ι·
491 2483 632 2596 adprime
646 2522 678 2580 in
692 2523 754 2584 uita
768 2539 832 2582 esse
848 2483 927 2596 itte,
943 2529 976 2584 ut
989 2483 1102 2599 nequid
1116 2524 1214 2582 nimis.
1231 2548 1244 2576 »

379 2820 460 2896 ‚ut
489 2819 680 2904 ammam,
711 2821 805 2908 quod
832 2821 920 2894 uitio
942 2819 1143 2910 Glycerium
1168 2829 1341 2894 sarratam

368 3022 443 3096 filio
457 3045 523 3098 auo
538 3045 609 3096 non
628 3026 745 3110 vertit,
761 3025 842 3113 jure
856 3025 980 3114 probat
1001 3045 1008 3090 :

441 3410 456 3442 ι(
470 3391 545 3448 Num
556 3388 582 3446 si
595 3347 680 3446 dium
694 3388 843 3462 obiurges,
857 3349 937 3449 uiua
948 3388 1000 3464 qni
1013 3348 1157 3448 auxilir¹rm
1168 3388 1244 3460 tulit,
1259 3411 1274 3440 »

442 3601 457 3632 «
472 3579 549 3648 Quid
563 3540 654 3638 finias
669 3579 721 3652 illi,
736 3540 790 3654 qui
801 3579 883 3640 dedit
897 3579 1045 3661 damuum
1059 3540 1112 3639 erit
1124 3579 1264 3638 malum?
1278 3602 1293 3631 n

856 3713 960 3787 (Andr.
976 3729 1033 3772 vs.
1051 3716 1111 3772 ¹42.
1128 3713 1201 3786 143.)

414 4012 463 4081 At
476 3983 605 4080 virtuto
620 4018 656 4081 et
675 4011 859 4080 devotione
877 4007 1032 4086 fidelium
1046 4027 1230 4108 serrorum
1246 4008 1344 4098 prin.-

371 4217 482 4306 cipom
512 4214 601 4284 duco
638 4213 781 4297 Getam,
815 4210 991 4280 Sostratae
1020 4208 1210 4292 famulum,
1244 4203 1343 4274 maiis

371 4439 539 4512 perquam
575 4417 749 4487 dolentem
785 4416 910 4504 quibus
953 4414 1134 4504 Pamphila
1170 4435 1190 4479 a
1231 4410 1344 4484 fallaci
