3610 5632
851 797 1068 864 ,52-

472 1046 550 1093 rum
560 1045 699 1094 servum
717 1023 932 1091 honestuma
947 1019 1056 1090 Poeta
1068 1041 1191 1109 graeco
1204 1020 1443 1088 aliterdiotum

472 1226 577 1294 tuisse
595 1245 666 1292 non
681 1229 813 1292 temera
829 1241 1061 1312 praesumam.

517 1427 613 1506 Quae
630 1449 712 1496 vero
731 1447 841 1515 quum
859 1425 908 1495 ita
919 1426 999 1509 sint,
1016 1428 1077 1512 qui
1094 1423 1134 1494 fit
1144 1430 1185 1493 ut
1196 1423 1316 1493 deiliis
1327 1425 1441 1492 nomi-

472 1629 574 1698 nibus
589 1628 730 1697 mutatis
748 1629 903 1696 Donatus
923 1625 1048 1694 sileat?
1066 1625 1145 1693 Alia
1160 1625 1289 1715 pariter
1307 1625 1443 1694 deside-

473 1835 605 1899 rantur.
634 1831 728 1898 Num
755 1826 811 1897 vel
834 1848 877 1896 ex
906 1827 1095 1910 Perinthia,
1123 1823 1258 1911 Colace,
1285 1823 1445 1916 Synapo-
1529 1919 1531 1924 ι

472 2033 648 2100 thnesousi
665 2036 789 2100 trunca
805 2030 975 2118 quaedam
991 2029 1122 2098 refert?
1146 2027 1446 2106 Quemadmodum

473 2232 587 2318 quoad
605 2230 810 2314 Struthiam,
825 2230 984 2298 Biantem
1002 2237 1038 2298 ot
1052 2230 1250 2319 Lampriam
1265 2196 1448 2299 nominum

472 2433 743 2517 immutationes
757 2452 846 2519 quae
857 2452 928 2500 non
942 2433 978 2500 in
989 2433 1272 2520 disceptationem
1284 2433 1442 2516 veniunt,

473 2635 616 2702 minime
634 2638 893 2718 commemorat,
915 2634 964 2702 sio
980 2634 1023 2701 de
1041 2634 1198 2722 pluribus
1217 2655 1356 2746 quoque
1370 2636 1445 2704 aliis

472 2854 691 2922 nequaquam
708 2834 871 2921 loquitur.
893 2831 985 2910 Quas
1004 2854 1059 2902 res
1076 2835 1218 2922 perinde
1235 2855 1274 2902 ao
1293 2837 1445 2905 secunda

472 3034 629 3123 exempla
642 3054 722 3104 eum
739 3034 931 3124 neglexisse
941 3035 1111 3103 existimo.
1126 3034 1245 3122 Itaque
1257 3055 1326 3123 quo
1340 3036 1444 3104 modo

470 3241 568 3324 pater
598 3235 788 3303 Phaedriae
815 3240 850 3303 et
879 3233 1051 3302 Chaereae
1080 3234 1171 3322 apud
1208 3233 1445 3303 Menandrum·

469 3445 727 3527 nuncuparetur
743 3445 884 3528 propter
896 3439 987 3506 hano
1004 3459 1111 3506 unam
1129 3459 1268 3508 oausam
1281 3440 1443 3530 designa-

469 3637 531 3722 vit,
554 3640 646 3726 quod
664 3639 764 3724 libro,
789 3660 893 3726 quem
913 3641 949 3707 in
971 3639 1130 3708 manibus
1154 3640 1314 3724 habebat,
1339 3641 1442 3729 hujus

470 3839 560 3907 senis
584 3861 712 3908 nomen
736 3843 882 3911 deerat:
908 3844 1034 3912 Donati
1058 3844 1165 3912 verba
1189 3845 1329 3915 obstant
1353 3868 1441 3935 quo-

468 4038 583 4106 minus
597 4062 652 4109 res
669 4043 706 4110 in
723 4043 854 4113 incerto
872 4045 1050 4116 habeatur.

513 4237 765 4310 Verumtamen
784 4245 951 4314 voeabula
969 4254 1101 4316 mutata
1117 4249 1322 4338 plerumque
1339 4251 1440 4321 aTe-

468 4438 580 4505 rentio
607 4461 678 4509 non
705 4442 846 4513 inventa
878 4447 984 4516 fuisse
1016 4452 1180 4539 suspicor.
1219 4455 1369 4544 Nempe,
1398 4464 1441 4540 ,ut
