3610 5632
847 774 1064 838 ,14-

516 999 614 1069 Unus
636 1007 751 1067 autem
772 1005 869 1086 pater
886 1000 921 1066 in
940 1001 1084 1079 Andria,
1105 998 1270 1067 Chremes
1290 1003 1440 1085 nornine,

470 1197 573 1264 nullis
596 1198 706 1266 utitur
730 1197 833 1266 vitiis.
861 1197 929 1264 Pro
952 1219 1087 1265 summa
1110 1199 1362 1268 necessitudine
1387 1198 1444 1266 Si-

469 1400 565 1467 moni
584 1398 904 1488 indulgentissimus
922 1407 974 1469 ost
984 1418 994 1483 ;
1021 1400 1082 1468 scd
1102 1421 1143 1468 ea
1166 1403 1210 1469 de
1231 1423 1334 1471 causa
1354 1401 1443 1470 filiae

471 1619 552 1667 suae
580 1600 778 1668 felicitatem
810 1599 994 1689 periclitari
1022 1623 1090 1669 non
1122 1603 1209 1686 vult,
1242 1611 1287 1686 et,
1317 1607 1444 1692 apertis

472 1797 645 1888 Pamphili
663 1801 773 1884 iactis,
798 1800 935 1889 nuptias
958 1820 1118 1888 rumpere
1141 1782 1298 1872 sustinet.
1325 1801 1444 1878 Quod-

472 2015 621 2085 cumque
636 2018 734 2066 oasus
750 1999 849 2081 ierat,
867 2020 1003 2087 semper
1016 2008 1175 2070 constans
1193 2008 1227 2069 et
1243 2004 1295 2070 sui
1309 2009 1441 2090 potens,

473 2200 600 2266 iratum
639 2194 818 2263 Simonem
850 2203 888 2263 ut
925 2197 1069 2264 modum
1111 2204 1228 2268 teneat
1265 2200 1445 2288 filiumque

471 2400 660 2471 clementer
684 2409 782 2490 gerat
805 2402 991 2472 liberaliter
1021 2379 1233 2490 adhortatur,
1262 2407 1349 2474 hanc
1380 2409 1445 2476 ho-

472 2602 702 2671 nestissimam
718 2624 923 2692 expromens
942 2607 1148 2675 sententiam
1170 2627 1177 2672 :

776 2835 783 2877 1
1030 2837 1037 2880 l

506 2897 520 2924 «
535 2835 591 2932 rei
604 2879 727 2947 peceato
741 2891 854 2946 magno
869 2876 994 2950 paulum
1010 2879 1137 2953 supplici
1152 2879 1222 2938 satis
1237 2839 1280 2938 ist
1294 2880 1380 2954 patri.
1398 2903 1411 2930 »

1039 2990 1141 3072 (Andr.
1157 3017 1212 3058 vs,
1229 3003 1302 3074 903.)

518 3201 571 3269 Ne
598 3203 765 3271 miremur
787 3226 849 3272 cur
871 3208 949 3277 talis
973 3213 1070 3298 pater
1092 3213 1213 3279 ceteris
1235 3217 1306 3280 tam
1330 3213 1446 3303 dispar

474 3409 511 3475 in
530 3410 708 3479 comoedia
725 3419 838 3499 partes
856 3420 958 3500 agat,
979 3433 1061 3480 narn
1079 3413 1267 3497 comoedia,
1288 3435 1445 3483 commu-

472 3613 526 3680 nis
551 3613 643 3681 vitae
668 3613 794 3701 imago,
822 3614 971 3681 maxime
993 3615 1146 3682 veritatis
1169 3614 1313 3703 indiget,
1341 3622 1376 3683 ct
1399 3616 1446 3684 ita

472 3814 625 3901 proiecto
652 3835 687 3882 se
712 3835 766 3882 res
789 3813 894 3881 habet
914 3820 955 3881 nt
979 3813 1110 3900 aliquot
1133 3820 1247 3902 patres
1271 3814 1448 3883 Chremeti

473 4015 566 4083 haud
582 4017 763 4083 dissimiles
782 4018 819 4084 in
838 4017 1000 4086 societate
1022 4037 1083 4104 per
1101 4038 1202 4084 omne
1215 4023 1352 4106 tempus
1370 4017 1446 4085 ieli-

473 4215 559 4284 citer
572 4216 797 4304 reperiantur.
