3610 5632
477 990 548 1036 rem
574 971 770 1048 metricam,
797 971 934 1039 initium
959 972 1155 1058 argumenti
1184 979 1218 1038 et
1245 971 1446 1051 clausulam,

474 1171 668 1260 dialogum,
697 1173 943 1242 sententiarum
977 1173 1264 1243 conformationes
1302 1193 1341 1240 ac
1371 1174 1450 1241 reli-

474 1375 613 1462 gionem
639 1375 827 1463 spectantia
856 1394 863 1440 :
893 1394 981 1462 quae
998 1374 1139 1462 quidem
1163 1396 1183 1442 a
1203 1374 1449 1464 Koenighoiiio

474 1575 739 1664 prudentissime
771 1577 1005 1646 demonstrata
1035 1585 1116 1646 sunt
1148 1569 1220 1664 ('1);
1258 1579 1330 1646 sive
1367 1578 1449 1666 quia

473 1780 656 1850 nonnullas
678 1781 809 1851 addidit
838 1802 1011 1871 personas,
1043 1783 1137 1872 quod
1163 1804 1233 1852 non
1262 1783 1375 1852 solum
1401 1805 1445 1852 ex

472 1987 546 2076 ipso
573 1985 734 2052 Eunuchi
758 1982 912 2071 prologo,
939 1966 1120 2053 sedetiam
1143 1951 1454 2073 epraeolarissirna

473 2185 628 2254 Konradi
651 2184 792 2251 Braunii
811 2184 1049 2252 dissertatione
1069 2185 1118 2270 (2)
1136 2185 1352 2274 intelligitur.
1373 2186 1445 2252 Ex-

472 2388 579 2477 ceptis
597 2391 713 2454 autem
726 2387 847 2454 ceteris
866 2387 981 2471 rebuS,
1003 2388 1157 2454 nondum
1181 2388 1376 2475 quaesitum
1393 2395 1446 2456 est

472 2613 554 2660 num
571 2590 753 2659 Terentius
766 2589 810 2657 ad
821 2589 1084 2679 praecipuarum
1092 2611 1317 2679 personarum
1332 2611 1446 2658 mores

393 2821 394 2824 ¹
447 2762 683 2882 'effingendos
707 2757 779 2861 tarn
804 2791 948 2861 liberam
971 2795 1209 2862 tractationem
1237 2792 1442 2860 adhibuerit.

470 3000 642 3088 Equidem
678 2999 772 3068 illam
804 3001 924 3088 magni
953 2999 1119 3066 momenti
1147 2999 1385 3084 quaestionem
1407 2999 1444 3065 in

470 3203 654 3270 comoediis
682 3225 701 3270 e
730 3203 922 3272 Menandro
942 3204 1059 3273 tractis
1083 3205 1224 3292 exsequi
1254 3204 1344 3286 volo,
1372 3226 1443 3273 non

469 3402 607 3471 exclusa
642 3403 781 3494 Hecyra
816 3406 913 3493 cujus
945 3405 1142 3494 exemplum
1175 3407 1288 3475 eidem
1321 3414 1442 3497 poetae

505 3749 542 3823 (l)
562 3751 602 3807 De
624 3749 737 3808 ratione
759 3765 852 3824 quam
874 3751 1025 3809 Terentius
1044 3750 1075 3808 in
1088 3748 1199 3808 fabulis
1220 3749 1333 3822 graecis
1351 3749 1441 3808 latine

468 3886 674 3943 convertendis
689 3891 808 3944 secutus
824 3892 868 3944 est
883 3887 1105 3945 commentatio.
1122 3885 1261 3944 Coloniae
1278 3889 1356 3942 4843.

494 4123 539 4209 la)
564 4138 757 4203 Quaestiones
783 4140 985 4199 Terentianae.
1012 4140 1165 4214 Gottingae
1188 4145 1268 4213 1877,
1288 4159 1320 4216 p.
1343 4147 1359 4200 9
1382 4158 1439 4216 sqq

467 4269 628 4328 Charinum
641 4273 855 4348 Byrrhiamque
868 4291 904 4332 ex
918 4275 1066 4334 Perinthia
1079 4275 1286 4350 transpositos,
1309 4281 1337 4335 et
1351 4292 1382 4350 p.
1402 4279 1436 4334 26

366 4491 368 4493 Ι
465 4419 523 4480 sqq
536 4406 736 4481 Antiphonem
750 4409 905 4470 inventum
920 4427 983 4469 esse
1000 4411 1069 4470 scite
1085 4411 1218 4470 defendit
1232 4417 1347 4470 auctor.
