3614 5636
750 806 992 874 -121-

385 1035 559 1122 supersint
583 1035 834 1123 Epitrepontou
849 1037 1043 1124 fragmenta
1061 1037 1287 1105 Terentianae
1303 1036 1356 1102 fa-

385 1235 486 1303 bulae
502 1256 574 1303 non
590 1237 786 1305 convenire.
805 1241 838 1306 3.
858 1238 899 1306 ln
916 1240 1118 1308 universum
1129 1259 1174 1306 ue
1194 1201 1354 1326 cognosci

383 1440 536 1526 quidem,
557 1461 728 1529 quaenam
737 1443 896 1534 Hecyrae
905 1465 1047 1514 scaenae
1059 1465 1103 1514 ex
1114 1445 1222 1514 altera
1232 1461 1355 1533 graeca

383 1642 561 1710 comoedia
572 1663 758 1714 conversae
771 1665 845 1714 esse
856 1647 999 1734 possint,
1011 1667 1091 1715 cum
1105 1647 1222 1714 fabula
1233 1667 1355 1735 parum
1377 1603 1379 1610 l

379 1848 425 1916 sit
448 1853 598 1934 actuosa,
624 1869 729 1938 quam
751 1871 839 1939 quae
862 1874 932 1921 una
953 1873 1075 1922 scaena
1100 1871 1215 1922 carere
1231 1852 1350 1941 possit.
1438 1958 1441 1964 ¹

425 2050 520 2121 Haeo
544 2053 679 2122 amoliri
703 2055 950 2143 impedimenta
976 2078 1048 2125 non
1075 2058 1192 2146 magni
1218 2057 1356 2125 videtur

381 2254 522 2341 negotii.
545 2257 564 2320 1
585 2253 746 2324 Secundo
760 2256 835 2325 loco
855 2258 1038 2326 Menandri
1049 2259 1290 2348 Epitrepontes
1309 2259 1353 2327 ad

381 2453 555 2543 Hecyram
576 2456 769 2525 faciendam
789 2460 942 2529 adhibita
968 2481 1042 2529 esse
1064 2466 1178 2548 potest
1190 2480 1200 2545 ;
1226 2482 1308 2528 nam
1334 2482 1354 2529 o

379 2655 562 2725 Menandri
582 2657 768 2728 Andriast
786 2660 956 2729 Eunucho
974 2666 1010 2730 et
1026 2657 1204 2749 Adelphis,
1223 2663 1353 2751 princi-

377 2861 512 2950 palibus
530 2863 733 2934 Latinarum
752 2865 948 2935 fabularum
967 2868 1214 2956 cognominum
1237 2885 1353 2935 exem·

378 3065 454 3154 plis,
481 3085 552 3134 non
569 3067 654 3135 item
679 3087 698 3134 e
723 3067 912 3150 Perinthia,
932 3065 1066 3151 Colace,
1092 3065 1352 3155 Synapothnes-

378 3267 451 3336 cusi
461 3267 656 3356 fragmenta
666 3267 766 3335 nobis
778 3288 799 3333 a
810 3267 945 3335 Donato
957 3257 1193 3336 servatasunt.
1211 3266 1350 3334 Etenim

377 3469 437 3555 qui
467 3469 601 3556 scripsit
625 3469 923 3552 commentarium,
958 3489 1001 3536 ex
1030 3469 1168 3556 quode
1198 3467 1350 3535 Terentii

297 3685 301 3693 ·
377 3669 629 3758 exemplaribus
645 3671 776 3758 graecis
794 3670 998 3739 rscholiastae
1015 3670 1192 3753 hauriunt,
1212 3690 1256 3737 ne
1276 3670 1349 3756 ipse

376 3879 517 3966 quidem
528 3877 731 3944 iudicandus
746 3884 798 3945 est
806 3881 942 3965 praeter
950 3876 1137 3965 principale
1151 3875 1349 3963 exemplum

374 4091 451 4139 eam
470 4090 608 4159 quoque
626 4069 811 4138 contulisse
831 4070 996 4153 fabulam,
1019 4091 1062 4138 ex
1080 4090 1149 4157 qua
1166 4071 1348 4139 Terentius

372 4289 482 4357 pauca
488 4273 625 4337 tantum
635 4269 930 4356 adsciverit(lhnii
936 4278 1068 4359 quaest.
1079 4271 1216 4338 Terent.
1227 4293 1261 4360 p.
1275 4269 1344 4355 13).

373 4476 394 4542 2
408 4475 446 4542 ln
460 4477 616 4545 versione
628 4477 834 4546 Germanica
843 4479 1017 4567 Benfoyus
1029 4479 1196 4548 nonnulla
1205 4478 1345 4568 quidem
