3614 5636
787 785 816 794 -
874 747 917 814 72
964 783 1003 794 ..

321 948 326 959 ¹
449 975 520 1045 Sed
538 975 684 1064 quisque
702 972 772 1039 filio
790 976 927 1040 tantum
946 969 1114 1058 indulget,
1135 976 1174 1038 ut
1188 971 1220 1038 ei
1239 991 1380 1058 pergra-

404 1183 482 1250 tum
504 1177 658 1247 iaetnrua
684 1194 829 1245 uxorem
858 1173 973 1258 ducat,
1008 1173 1187 1262 Lamprtas
1218 1174 1379 1259 libenter,

405 1375 510 1461 Micio
525 1377 690 1464 gravate;
713 1372 807 1459 quod
825 1377 918 1454 reete
937 1370 1041 1448 efficit
1051 1393 1086 1460 p.
1106 1373 1150 1443 15
1160 1393 1236 1461 sqq.
1251 1373 1382 1446 Koeni·

407 1573 555 1666 ghoffius
580 1594 623 1641 ex
652 1570 778 1654 Donati
803 1569 1026 1643 adnotatione
1054 1569 1145 1660 (Ad.
1172 1592 1207 1660 y.
1231 1573 1265 1638 8.
1292 1573 1381 1657 15):

335 1877 339 1884 ι
411 1799 428 1838 «
445 1773 551 1863 Apud
562 1767 966 1854 Menandrunsenexee
977 1769 1108 1856 nuptiis
1122 1777 1380 1858 pergravetur,

410 1993 493 2060 ergo
516 1971 698 2039 Terentius
719 1987 849 2057 εὑρητικῶς
868 1969 929 2054 (1).
955 1993 971 2032 o
993 1970 1111 2039 lhnius
1139 1996 1155 2035 α
1179 1993 1251 2040 non
1270 1979 1386 2042 tanto-

388 2187 494 2255 ,pere
520 2186 639 2233 senem
663 2171 724 2234 aut
748 2165 814 2232 alio
838 2166 941 2232 modo
963 2173 1100 2254 gravari
1123 2172 1215 2259 apud
1240 2172 1387 2240 Menan-

413 2371 516 2446 drum
537 2392 554 2431 »
573 2374 690 2440 denset
707 2374 742 2456 p'.
763 2369 819 2452 31,
834 2368 1001 2454 quoniam
1019 2365 1212 2438 Scholiasta
1229 2369 1265 2438 id
1281 2370 1389 2438 adno-

415 2569 503 2638 tavit
533 2569 577 2636 ad
608 2587 749 2636 versum
773 2568 817 2634 15
845 2587 917 2635 non
948 2567 1003 2649 10,
1035 2568 1095 2635 ubi
1121 2569 1258 2656 gravari
1284 2568 1390 2637 Micio
1479 2549 1481 2556 ’

416 2768 547 2864 incipit.
571 2791 588 2830 »
609 2768 661 2836 lta
680 2767 771 2835 lhnii
783 2768 890 2856 ipsius
909 2768 1134 2858 consessione,
1156 2769 1260 2837 Mioio
1280 2770 1390 2861 magis

455 3106 493 3179 (ι)
510 3110 548 3164 [te
562 3106 674 3180 nuptiis
688 3121 750 3164 non
764 3109 905 3179 gravatur
918 3107 994 3166 idest
1001 3123 1064 3165 non
1075 3108 1237 3166 recalcitrat
1247 3114 1278 3166 ut
1288 3109 1393 3168 merito

419 3259 504 3329 putat
526 3258 713 3314 Grauenust
737 3273 751 3310 a
772 3255 821 3315 aei
842 3255 1001 3317 Menander
1021 3255 1154 3313 straenbt
1173 3254 1236 3312 sioh
1258 3254 1313 3312 der
1331 3255 1395 3313 Alte

420 3397 502 3456 nieht
516 3413 611 3476 gegen
625 3396 673 3455 die
688 3396 815 3454 Heirath.
832 3418 846 3448 »
862 3413 893 3475 p.
911 3400 959 3454 146
974 3396 1097 3473 Lessing
1111 3413 1159 3457 ers
1171 3397 1268 3460 drani.
1286 3397 1396 3463 Hemo-

420 3545 508 3616 burg.
519 3548 589 3601 Pars
603 3543 667 3600 loo.
679 3545 744 3600 Non
758 3542 841 3600 aliter
850 3541 990 3615 opinatur
1002 3539 1230 3612 Koenighoiflns
1241 3537 1304 3611 qui,
1313 3544 1393 3612 post·

422 3700 514 3758 quam
529 3684 567 3741 de
580 3684 637 3741 hae
647 3701 679 3743 re
692 3683 811 3758 longius
820 3683 969 3753 disseruit,
985 3683 1036 3742 tali
1046 3683 1137 3742 modo
1148 3683 1326 3742 concludere
1336 3699 1396 3742 non

422 3823 539 3888 dubitat
559 3840 590 3897 p.
612 3825 671 3886 17:
696 3845 710 3876 «
733 3825 829 3894 ouem
851 3824 892 3888 ob
913 3840 976 3888 rem
994 3839 1057 3886 non
1075 3835 1201 3900 pessum
1222 3825 1296 3898 quin
1308 3824 1398 3888 huius

423 3965 526 4024 scholii
540 3967 619 4023 hano
633 3966 810 4025 sententiam
822 3982 886 4023 esse
898 3970 999 4039 putem
1019 3985 1026 4021 ε
1041 3965 1200 4024 Menander
1211 3981 1313 4024 senem
1328 3983 1398 4022 eum

423 4113 463 4170 ab
478 4128 513 4167 eo
529 4116 560 4167 ut
575 4110 746 4184 Pamphilae
765 4117 893 4170 matrem
907 4112 1029 4169 duceret
1047 4115 1195 4186 peteretur
1208 4128 1263 4168 non
1280 4115 1320 4168 tta
1334 4129 1399 4181 pro-

423 4257 484 4310 note
498 4257 636 4328 egentem
650 4253 703 4310 sed
717 4252 787 4310 satis
798 4253 915 4318 laoilem
931 4253 1100 4327 petentibus
1109 4269 1140 4309 se
1155 4253 1345 4326 praebentem
1356 4253 1399 4308 le-

425 4399 514 4455 oeret.
532 4415 547 4445 o
