3610 5632
820 847 857 856 -
907 810 951 878 58
997 849 1039 860 ..

487 1029 748 1102 Chaerestratus
759 1053 907 1124 exerant
917 1042 952 1106 ct
965 1055 1070 1127 στρατός
1080 1041 1252 1112 conflatur
1269 1063 1276 1111 :
1291 1067 1334 1114 ex
1348 1067 1417 1134 quo

440 1232 633 1322 intelligere
656 1235 735 1305 licet
753 1236 790 1303 in
811 1237 980 1308 Eunucho
1002 1240 1117 1310 Colaci
1134 1244 1297 1314 similiore
1314 1247 1415 1334 J'uve-

439 1456 518 1503 nem
546 1443 720 1504 amantem
745 1440 904 1527 gavisum
926 1443 1031 1511 fuisse
1048 1446 1143 1531 quod
1160 1447 1269 1514 milite
1293 1448 1414 1519 abute-

439 1644 545 1708 retur.
569 1640 739 1711 Phaedria
762 1664 805 1712 ex
830 1661 931 1734 φαιδρός
956 1647 1069 1715 oriens
1092 1653 1228 1718 tantum
1252 1651 1415 1738 patefacit

437 1840 523 1928 quid
539 1841 622 1910 felix
645 1864 766 1913 amans
787 1846 923 1915 sentiat.
946 1847 1020 1915 Nae
1041 1848 1098 1918 hic
1115 1854 1187 1917 tam
1208 1849 1411 1927 inhonestus

437 2039 489 2102 est
505 2041 545 2104 ut
559 2035 703 2105 rivalem
716 2039 753 2105 in
772 2060 870 2107 suam
886 2041 1085 2110 societatem
1102 2040 1189 2111 lucri
1206 2063 1309 2111 causa
1320 2045 1410 2114 acci-

434 2259 518 2349 piat,
546 2263 608 2329 sed
630 2283 672 2330 ea
700 2284 737 2332 re
761 2265 880 2334 laetari
910 2279 981 2335 non
1010 2268 1148 2336 videtur
1159 2288 1169 2353 3
1202 2271 1288 2338 nihil
1317 2272 1409 2344 aliud

434 2469 534 2552 putat
551 2466 618 2534 nisi
637 2467 783 2538 militem
802 2470 947 2560 dignum
966 2493 1040 2540 asse
1056 2473 1117 2560 qui
1133 2473 1334 2542 comedatur
1353 2492 1361 2538 :

435 2765 487 2820 Gn.
511 2782 525 2818 a
545 2725 629 2823 Hrlnc
653 2766 873 2826 comedendum
892 2731 979 2827 udhis
1002 2769 1130 2843 propino
1150 2731 1178 2828 slat
1194 2732 1406 2912 [(ὲῗὶτίεὲῖἓιέὲιιῐω.

1250 2885 1256 2898 ,
1372 2863 1405 2898 ,s

521 3027 573 3085 Ph.
589 2989 701 3101 Dlgnus
714 3034 767 3087 est.
1017 3032 1102 3102 (Eun.
1117 3048 1137 3088 v
1150 3047 1174 3089 s.
1191 3033 1281 3100 1087.)

477 3265 594 3333 Davus
614 3265 706 3352 apud
727 3263 959 3333 Menandrum
981 3263 1154 3330 fallacium
1173 3262 1301 3332 scilicet
1325 3261 1405 3330 infi—

433 3463 562 3532 delium
588 3484 767 3557 servorum
792 3484 975 3532 commune
997 3484 1124 3532 nomen
1147 3470 1210 3533 est.
1238 3463 1345 3552 Cujus
1369 3464 1406 3531 in

432 3666 546 3733 locum
576 3666 758 3734 Terentius
785 3665 919 3735 suffecit
947 3666 1153 3734 vocabulum
1179 3667 1405 3734 Parmenonis

433 3873 522 3943 idest
533 3891 682 3960 παραμένων
696 3896 733 3962 τῷ
747 3889 854 3962 δεσπότῃ
871 3909 877 3944 :
894 3876 953 3965 qui
969 3896 1090 3952 servus
1105 3897 1166 3963 per
1178 3875 1330 3964 primurn
1349 3895 1404 3941 ac·

430 4080 505 4143 tum
532 4075 675 4143 minime
699 4076 822 4144 herum
846 4097 949 4145 suum
977 4077 1103 4164 linquit
1115 4095 1124 4160 ;
1158 4077 1259 4144 modo
1289 4076 1332 4142 ab
1363 4097 1403 4143 eo

431 4279 585 4364 discedit,
609 4287 649 4348 ut
674 4282 837 4350 mandata
858 4287 1084 4370 persequatur
1100 4287 1135 4348 et
1157 4280 1230 4368 ejus
1253 4281 1403 4348 absentis

430 4483 635 4552 utilitatibus
662 4485 829 4552 consulat.
862 4483 1005 4553 Accedit
1034 4490 1088 4567 ut,
1127 4504 1235 4570 quum
1266 4484 1402 4550 Davum
