3614 5636
805 719 1022 787 -30..

425 957 568 1034 teretur,
594 949 774 1017 minimam
800 946 1006 1014 blandiendo
1031 944 1193 1012 duritiam
1210 945 1400 1032 prodidisse

426 1155 576 1224 credam.
609 1151 668 1219 Nil
695 1151 823 1216 mirum
834 1168 843 1233 ;
876 1169 957 1216 nam
986 1150 1095 1216 Poeta
1130 1149 1256 1218 latinns
1288 1149 1401 1237 speeie
1485 1173 1500 1182 ⁹

426 1353 579 1441 quidem,
606 1370 677 1418 non
704 1356 821 1418 antem
845 1370 883 1418 re
913 1350 1203 1418 humanissimum
1235 1351 1401 1417 Demeam

427 1552 588 1637 reddidit,
619 1552 766 1640 ideoque
792 1551 968 1640 exemplar
997 1573 1068 1620 non
1098 1557 1152 1622 est
1181 1559 1332 1636 secutus,
1361 1557 1402 1620 ut

428 1758 532 1845 hujus
545 1757 596 1826 rei
612 1755 808 1845 opinionem
828 1755 969 1843 praebet
983 1753 1187 1839 Scholiasta,
1206 1755 1268 1842 qui
1284 1761 1402 1823 tamen

429 1977 511 2027 vero
525 1961 694 2024 mutatam
710 1955 816 2022 fuisse
831 1954 983 2022 indolem
997 1955 1083 2023 falso
1101 1955 1214 2060 dioere
1235 1955 1372 2023 videtur
1392 1974 1398 2020 :

315 2191 319 2197 ·
431 2186 448 2225 a
470 2164 516 2230 Et
533 2163 619 2230 adeo
636 2161 731 2229 favet
748 2161 929 2228 Terentius
947 2160 1225 2230 clementioribus
1236 2181 1275 2228 aa
1293 2161 1402 2229 mitis*

428 2363 524 2430 simis
541 2360 709 2450 patribus,
731 2364 771 2427 ut
784 2360 877 2427 huno
891 2379 1029 2447 qnoque
1043 2361 1191 2430 adducat
1208 2361 1251 2428 ad
1263 2366 1402 2429 senten-

428 2555 513 2624 tiam
535 2553 706 2622 Minionis.
736 2574 753 2615 »
781 2552 830 2636 (v.
860 2571 909 2619 1vr
933 2552 980 2637 2).
1010 2552 1126 2629 Quare
1142 2554 1191 2622 sie
1215 2555 1405 2622 rectissime
1452 2641 1455 2648 ι

429 2755 590 2843 opinatur
614 2751 825 2820 Rummler:
852 2773 870 2814 e
894 2751 959 2818 His
983 2772 1027 2820 ex
1051 2753 1165 2822 verbis
1188 2773 1306 2823 nonne
1323 2754 1404 2824 lieet

429 2947 633 3016 concludere
652 2948 853 3015 Terentium
872 2967 998 3036 magna
1015 2953 1091 3035 arte
1102 2969 1164 3036 per
1183 2955 1291 3018 totam
1302 2950 1403 3018 labn-

428 3147 510 3231 lam,
537 3146 736 3235 ubieunque
758 3147 902 3216 laeultas
924 3149 1090 3233 (11116661,
1117 3155 1256 3219 anctore
1280 3165 1405 3240 graeoo

429 3350 586 3440 neglecto
610 3370 654 3418 ex
673 3370 735 3418 suo
754 3351 863 3438 ipsius
880 3351 1021 3439 ingenio
1037 3350 1156 3438 quales
1173 3350 1238 3418 sibi
1256 3351 1403 3439 aptiores

431 3551 650 3634 viderentur,
692 3549 901 3639 expressisse
934 3568 1160 3637 personarum
1199 3549 1341 3617 mores?
1385 3573 1401 3612 n

435 3751 673 3839 (Quaestiones
699 3751 925 3819 Terentianae
946 3773 979 3839 p.
1011 3750 1057 3835 7).
1086 3751 1226 3818 Etenim
1253 3764 1403 3838 εὐφημισμός

436 3954 641 4045 obicemque
656 3955 818 4040 facultas
845 3954 935 4024 dato
963 3956 1027 4038 est,
1055 3952 1194 4036 scilieet,
1222 3971 1403 4021 111666611-
1452 4053 1457 4061 Ι

434 4161 553 4246 1611116,
574 4162 610 4228 in
630 4162 671 4229 iis
688 4161 770 4229 loeis
789 4162 850 4228 ubi
873 4121 1094 4228 dissentiebat
1122 4157 1251 4246 aliquid
1273 4157 1404 4224 Teren-

433 4361 503 4428 tius
534 4383 555 4427 a
581 4361 784 4445 Menandro,
818 4362 930 4430 obstat
958 4382 1002 4428 ne
1023 4361 1266 4428 Rummlernm
1292 4361 1328 4427 in
1352 4360 1404 4427 ni-
