3614 5636
759 768 978 837 ..97-

382 998 414 1064 ei
432 998 530 1086 cujus
542 997 801 1065 dissolutionem
816 1002 851 1066 et
868 997 1037 1064 insaniam
1050 998 1234 1085 pernoscit,
1251 1019 1356 1086 quam

381 1198 557 1266 mortifere
579 1202 744 1286 aegrotet.
768 1197 868 1266 Alter
891 1218 972 1266 cum
990 1205 1156 1287 tanquam
1179 1201 1356 1270 hominem

382 1397 569 1485 alloquitur
590 1416 597 1463 :
620 1421 637 1461 (ι
657 1398 716 1466 Nil
732 1397 827 1487 prius
845 1418 958 1487 neque
976 1398 1100 1468 fortius
1120 1421 1137 1462 »
1157 1419 1356 1488 essequam

351 1651 355 1657 .
382 1596 615 1666 calamitosam
640 1583 918 1685 conjunctionem
936 1599 974 1666 in
996 1619 1099 1668 omne
1114 1605 1252 1690 tempus
1272 1601 1356 1669 diri-

382 1817 477 1866 mere
495 1805 606 1887 putat,
627 1799 688 1868 sed
699 1819 770 1868 non
784 1821 876 1884 eum,
890 1807 1074 1890 postquam
1087 1803 1222 1873 fortiter
1233 1805 1354 1894 egerit,
1461 1779 1473 1796 ’

382 1983 624 2072 imbecillitatis
650 2003 803 2091 pericula
828 2004 927 2088 celat,
956 2010 993 2073 et
1016 2005 1182 2094 praecipit
1204 2026 1248 2074 ne
1272 2008 1357 2094 quid

381 2207 511 2270 temere
528 2202 642 2272 iaciat.
665 2201 724 2271 Sic
742 2204 836 2292 prior
852 2204 952 2272 dicax
973 2211 1010 2274 et
1027 2205 1163 2290 noxius
1188 2206 1358 2294 posterior

382 2402 498 2488 gravis
526 2409 562 2472 et
586 2405 738 2492 prudens
768 2411 831 2474 est.
855 2406 1013 2495 Denique
1035 2407 1120 2475 hero
1147 2428 1210 2475 suo
1236 2409 1357 2476 suadet

384 2599 556 2668 Parmeno
573 2607 614 2669 ut
631 2600 756 2695 jugum
774 2605 890 2685 exuat,
910 2607 945 2670 et
960 2622 1100 2691 angore,
1122 2603 1152 2671 si
1172 2605 1298 2693 sapiat,
1314 2605 1357 2672 li-

381 2804 546 2889 beretur3
567 2804 709 2894 insuper
725 2804 863 2893 subjicit
882 2825 889 2872 :
986 2815 989 2824 '

978 3036 1008 3109 (v
1022 3052 1046 3094 s.
1062 3041 1107 3094 77.
1122 3036 1179 3110 78.)

455 3244 470 3274 a
485 3222 585 3296 Neque
600 3183 811 3296 praleterquam
825 3240 901 3299 quas
913 3185 979 3299 {pse
993 3240 1080 3284 amor
1092 3185 1243 3283 molestias
1257 3247 1272 3278 a

454 3426 467 3462 t
486 3408 580 3467 llabet
593 3369 702 3480 daddus,
717 3413 745 3469 ct
758 3409 824 3468 illas
838 3370 914 3484 qulas
927 3409 1020 3468 habet
1031 3370 1109 3468 recti
1123 3409 1210 3468 ieras.
1226 3431 1241 3464 a

426 3639 479 3710 lta
490 3661 596 3728 quem
608 3662 678 3709 non
692 3643 833 3710 omnino
844 3641 986 3710 rationis
998 3646 1176 3730 expertem
1185 3643 1358 3712 existimat

383 3847 592 3915 Phaedriam
615 3847 775 3917 hortatur
797 3856 838 3917 ut
860 3871 900 3917 ea
921 3850 966 3918 ad
993 3850 1148 3917 dolorem
1173 3848 1357 3917 ferendum

382 4050 435 4118 uti
456 4055 610 4134 conetur,
634 4050 728 4137 quod
748 4051 852 4118 dictio
880 4073 896 4132 u
925 4056 1017 4118 recte
1041 4050 1131 4118 feras
1156 4072 1172 4112 n
1193 4049 1354 4118 declarat.

384 4245 471 4313 Tam
501 4247 592 4314 bona
618 4246 760 4315 consilia
790 4247 917 4314 bonam
937 4247 1175 4350 ‘Parmenonis
1204 4253 1357 4315 mentem

381 4447 463 4517 satis
481 4448 652 4537 aperiunt.
1157 4537 1178 4605 7
