3614 5636
823 757 1063 823 -126-

456 975 582 1045 dioitur
594 977 725 1047 Graeca
746 998 753 1044 :
775 999 854 1046 narn
874 985 909 1047 et
928 979 1002 1066 ipsa
1014 986 1050 1046 et
1064 977 1228 1046 Phormio
1248 977 1429 1046 abeodem

457 1177 620 1248 dicuntur
637 1197 712 1248 esse
728 1180 923 1248 translatae.
947 1204 964 1243 »

502 1380 535 1447 2.
558 1379 599 1447 In
615 1379 767 1448 auctario
784 1379 876 1448 vitae
894 1340 1121 1447 Terentianae
1141 1399 1300 1467 -quem
1317 1381 1430 1449 locum

460 1582 504 1648 ad
523 1580 739 1668 prooemium
760 1578 847 1648 illud
871 1579 983 1648 redire
1006 1579 1076 1647 iarn
1099 1599 1203 1667 supra
1227 1581 1434 1654 memoravi-

344 1866 350 1878 ·
458 1801 536 1849 mus
558 1817 599 1828 -
622 1799 629 1847 :
652 1803 668 1843 o
689 1782 778 1849 duae
797 1781 840 1847 ab
860 1780 1071 1870 Apollodoro
1090 1779 1274 1848 translatae
1291 1801 1365 1848 esse
1381 1780 1433 1847 di-

459 1983 597 2062 cuntur,
618 1979 783 2047 Phormio
799 1986 835 2048 et
851 1980 1000 2066 Hecyra.
1023 2002 1039 2041 a

503 2181 536 2248 3.
564 2181 605 2248 In
631 2159 878 2253 commentario
903 2185 937 2268 a)
962 2183 1006 2250 ad
1032 2181 1122 2250 Hec.
1147 2183 1173 2251 Ι.
1201 2185 1306 2250 1.1:
1333 2202 1350 2244 «
1377 2179 1435 2249 Sic

461 2379 554 2447 enirn
573 2380 804 2468 Apollodorus
825 2409 841 2448 o
862 2386 1069 2473 (sequuntur
1087 2383 1192 2452 verba
1210 2382 1377 2468 Graeca);
1399 2383 1435 2466 b)

463 2580 507 2647 ad
532 2579 629 2647 ll.1.
656 2583 727 2648 17:
755 2602 772 2642 «
795 2575 856 2647 Sic
876 2581 1106 2669 Apollodorus
1127 2605 1143 2645 n
1168 2589 1234 2650 cet.
1261 2582 1294 2665 c)
1313 2579 1433 2649 adlII.

461 2783 495 2846 1.
517 2779 538 2846 6
560 2798 568 2845 :
591 2801 607 2842 «
628 2779 674 2848 Et
692 2784 806 2848 totum
823 2779 1036 2868 Apollodori,
1056 2782 1117 2869 qui
1133 2781 1182 2850 sic
1204 2781 1253 2850 ait
1274 2803 1291 2844 »
1313 2787 1378 2849 cet.
1399 2781 1436 2866 d)
1489 2789 1491 2794 '

464 2978 508 3045 ad
527 2976 588 3045 Ill.
609 2979 642 3046 3.
663 2978 708 3046 20
728 2997 737 3044 ι
759 2975 780 3040 ἀ
805 2978 1048 3066 Apollodorus.
1073 3005 1089 3044 n
1112 2981 1164 3048 De
1182 2983 1235 3048 hie
1260 3001 1437 3050 commen-

463 3179 543 3246 tarii
565 3178 649 3247 locis
669 3179 784 3248 variae
801 3185 837 3248 et
854 3180 1085 3268 discrepantes
1104 3201 1178 3249 esse
1196 3188 1341 3268 possunt
1359 3201 1438 3248 sen-

465 3378 605 3446 tentiae.
631 3377 704 3447 Aut
725 3378 892 3446 sermonis
910 3384 950 3445 ut
973 3377 1112 3445 videtur
1134 3378 1266 3445 abscisa
1288 3380 1438 3466 gravitas

466 3576 555 3645 redit
573 3577 616 3644 ad
635 3577 766 3645 bonum
785 3576 964 3664 multoque
980 3577 1158 3645 meliorem
1176 3577 1320 3662 fontem,
1335 3599 1440 3666 quam

468 3803 537 3870 quo
564 3805 647 3852 usus
677 3789 730 3852 est
756 3782 948 3850 Scholiasta
975 3802 1055 3850 curn
1078 3783 1272 3851 scriberet:
1309 3806 1326 3845 (ι
1356 3785 1450 3852 haec·

467 3987 584 4054 fabula
612 3987 813 4076 Apollodori
842 4009 915 4057 esse
941 3989 1089 4057 Dicitur
1118 3986 1259 4056 Graeca.
1295 4012 1311 4049 υ
1342 3987 1441 4055 Hanc

469 4190 614 4279 probare
631 4189 707 4258 vult
723 4190 885 4258 Dziatzko
900 4191 1118 4259 sententiam.
1138 4190 1210 4258 Aut
1222 4190 1372 4258 brevitas
1384 4188 1441 4256 illa

470 4411 541 4460 non
558 4398 611 4460 est
628 4412 670 4460 ex
689 4391 830 4460 meliore
848 4392 943 4460 fonte
962 4392 1148 4482 dignoque,
1172 4392 1229 4459 cui
1248 4391 1358 4459 maior
1381 4391 1442 4458 ha·
1467 4397 1470 4402 '
