3610 5632
452 1001 551 1086 quasi
581 1000 794 1083 salutatores,
830 1002 958 1084 cetarii,
993 1002 1084 1080 lanii,
1115 1004 1229 1088 ooqui,
1264 1005 1421 1088 fartores

452 1199 637 1288 piscatores
649 1200 709 1286 qui
727 1200 874 1288 gratiam
888 1202 962 1288 ejus
978 1203 1126 1269 retinere
1137 1204 1335 1271 omnimodo
1349 1209 1423 1270 stu-

452 1405 536 1472 dent
548 1422 558 1486 ;
585 1424 657 1471 non
678 1404 772 1472 enim
793 1405 954 1492 ignorant
976 1410 1145 1492 quantum
1167 1408 1285 1493 possit.
1310 1405 1424 1482 Quare

452 1607 596 1674 inventu
624 1626 686 1673 suo
710 1605 759 1675 ita
787 1605 953 1693 superbit,
985 1612 1024 1674 ut
1048 1627 1129 1674 eum
1158 1627 1221 1695 pro
1246 1607 1425 1696 disciplina

453 1807 590 1891 habeat,
611 1807 727 1876 et'sibi
744 1826 855 1874 novae
874 1807 1060 1894 sapientiae
1083 1808 1216 1876 doctori
1240 1807 1425 1896 discipulos

445 2009 592 2102 pomino
621 2007 854 2077 Gnathonioos
881 2009 1056 2095 quondam
1083 2010 1157 2078 iore
1188 2015 1314 2098 speret.
1346 2009 1426 2076 Non

453 2207 598 2274 adversa
616 2209 673 2276 avi
697 2209 850 2297 aperitur
874 2209 1001 2292 schola,
1030 2231 1070 2278 eo
1099 2211 1209 2298 magis
1237 2210 1330 2296 quod
1354 2211 1426 2295 jam

456 2427 472 2468 s
492 2405 658 2474 miserum
674 2406 871 2474 famelicum
892 2429 924 2491 »,
950 2407 987 2475 in
1006 2428 1111 2495 quem
1130 2409 1287 2498 protinus
1307 2409 1351 2476 de
1370 2409 1427 2475 via

453 2606 542 2674 forte
560 2607 691 2691 incidit,
710 2608 853 2676 seientia
866 2629 928 2675 sua
947 2608 1120 2676 informat.

499 2810 734 2878 Assentatorie
757 2811 898 2898 quidem
921 2810 1105 2898 loquendo,
1125 2810 1257 2877 ratione
1277 2808 1426 2895 quadam

455 3033 838 3101 verumnunnunquam
850 3014 963 3082 dioere
973 3011 1164 3081 Gnathonis
1176 3010 1423 3099 estproprium.

455 3212 515 3280 Sio
532 3213 678 3282 militem
696 3214 738 3282 ab
763 3214 836 3280 aliis
859 3213 1037 3281 benefacta
1060 3213 1264 3300 intercipere
1287 3211 1427 3280 liberius

455 3417 606 3486 declarat
617 3436 627 3502 3
660 3417 754 3505 quod
780 3417 832 3484 illi
859 3437 930 3484 non
962 3416 1129 3504 displicet,
1157 3409 1246 3503 quia
1269 3413 1426 3501 quemvis

454 3622 673 3710 ingeniosum
690 3642 761 3690 non
778 3622 878 3690 aliter
895 3642 996 3710 agere
1013 3621 1108 3689 addit
1128 3639 1135 3684 :
1203 3709 1207 3716 Ι

516 3872 530 3902 «
545 3812 658 3910 Labdre
673 3852 770 3911 alieno
783 3813 896 3924 meligno
910 3855 1028 3924 partam
1044 3811 1169 3922 glirium
1184 3871 1198 3901 »

517 4059 531 4087 «
545 4001 644 4096 Verbis
659 4055 748 4113 saepe
761 4040 792 4096 in
807 4055 839 4096 se
852 4001 1047 4120 trln'smouet
1063 4037 1113 4112 qui
1129 3998 1219 4095 habit
1233 4036 1337 4106 salem,
1354 4059 1367 4086 n

517 4252 531 4281 α
546 4232 633 4297 Quod
646 4231 677 4289 in
691 4193 757 4290 trist.
771 4253 786 4284 >1
1007 4231 1089 4304 (Eun.
1106 4248 1126 4287 v
1139 4248 1163 4287 s.
1181 4233 1243 4286 399.
1259 4229 1338 4302 sqq.)

500 4423 593 4490 Num
607 4425 692 4511 quid
704 4425 789 4508 veri,
811 4423 988 4492 Thrasone
1000 4443 1129 4512 regern,
1149 4422 1424 4501 amioumsuurn,
