3614 5636
813 765 1054 832 -120-

448 988 540 1057 tibus
557 989 710 1076 personis
729 994 765 1056 et
783 988 882 1055 nodis
899 987 1095 1055 fabularum
1112 989 1205 1075 apud
1219 989 1419 1058 Terentium

448 1191 577 1278 optime
603 1188 847 1278 cognoscitur),
874 1189 1016 1256 minime
1042 1193 1094 1257 est
1115 1191 1324 1258 mirandum.
1351 1191 1422 1259 Sed

447 1411 557 1478 quum
581 1389 762 1457 Terentius
785 1389 870 1456 duas
890 1394 962 1457 tam
982 1390 1109 1458 similes
1128 1393 1321 1460 comoedias
1344 1394 1421 1462 Me-

446 1594 582 1677 nandri,
607 1593 776 1661 Andriam
798 1599 834 1662 et
854 1593 1080 1677 Perinthiam,
1105 1595 1418 1680 contaminavisset‚

446 1798 525 1866 ideo
543 1803 659 1865 tamen
681 1817 761 1865 cum
780 1796 894 1865 alteris
912 1797 1046 1866 duabus
1064 1799 1187 1868 eodem
1208 1799 1312 1866 modo
1331 1799 1422 1866 inter

447 2021 483 2068 se
503 1999 671 2068 similibus
689 2019 760 2067 non
776 2000 870 2067 idem
887 2000 1000 2068 iacere
1018 2001 1148 2070 debuit.
1171 2024 1188 2062 n

491 2196 654 2265 Aiiredus
682 2196 788 2265 Kohl.
822 2198 1032 2267 Didascaliae
1056 2198 1283 2266 Terentianae
1311 2199 1420 2286 expli-

447 2402 568 2466 catae..
589 2420 625 2487 p.
643 2401 687 2468 40
705 2405 741 2470 et
756 2401 810 2468 41.
832 2399 930 2468 Halis
944 2399 1123 2470 Saxonum
1141 2401 1240 2468 1865.

494 3021 509 3060 n
522 2997 673 3086 Exponit
680 2996 900 3082 RitscheliuS,
912 2996 1071 3066 concludi
1078 3017 1188 3085 posse,
1199 3003 1331 3086 partem
1343 2998 1420 3066 Me·

446 3198 571 3266 nandri
586 3197 838 3284 Epitreponton
853 3195 891 3262 in
908 3195 1083 3284 Hecyram
1100 3215 1198 3264 suam
1217 3195 1418 3264 Terentium

447 3405 643 3492 sumpsisse,
660 3402 726 3471 nisi
736 3403 801 3472 tria
818 3402 993 3470 obstarent
1006 3402 1253 3489 impedimenta
1272 3421 1279 3468 :
1300 3405 1332 3468 1.
1350 3403 1419 3470 Do-

446 3606 611 3676 natmnin
622 3603 869 3674 commentario
878 3607 1006 3688 vetere,
1020 3622 1089 3692 quo
1101 3624 1183 3672 usus
1196 3603 1252 3688 sit,
1263 3604 1419 3673 etiamen

446 3806 835 3897 EpitrepusiMenandri
844 3807 1098 3894 sumptoslocos
1109 3806 1283 3874 invenisse
1293 3813 1418 3895 putan-

445 4014 530 4082 dum
541 4033 627 4094 esse,
645 4013 673 4078 si
685 4033 723 4079 re
735 4033 818 4080 vera
829 4011 968 4100 Hecyra
975 4011 1232 4080 Terentianaasl
1244 4013 1335 4080 hanc
1342 4013 1417 4080 Me-

443 4211 568 4281 nandri
579 4209 731 4277 fabulam
744 4209 882 4277 rediret.
897 4209 1078 4296 Nusquam
1094 4209 1225 4278 veroin
1238 4229 1415 4278 commen-

443 4413 530 4483 tario
543 4413 587 4480 ad
599 4412 773 4498 Hecyram
792 4410 974 4477 Menandri
987 4410 1118 4478 laudari
1136 4411 1252 4478 verba.
1266 4411 1299 4477 2.
1318 4409 1414 4500 Quae
