3614 5636
758 810 976 875 ..71-

381 1032 446 1098 tire
460 1051 565 1118 quam
584 1031 693 1098 duleis
711 1031 756 1098 sit
770 1031 902 1098 caelebs
922 1032 993 1098 vita
1004 1039 1155 1119 apparet.
1173 1032 1353 1124 Quaprop-

381 1239 435 1302 ter
448 1233 627 1322 Lamprias
647 1231 797 1300 Micione
816 1232 1043 1300 confidentior
1054 1233 1140 1300 mihi
1157 1233 1305 1302 videtur.

425 1428 609 1498 Praeterea
631 1432 777 1517 uterque
800 1449 871 1497 non
896 1430 1037 1496 omnino
1061 1430 1104 1497 de
1129 1429 1245 1498 liboris
1269 1431 1353 1499 edu-

383 1631 500 1699 candis
531 1631 624 1700 idem
654 1631 783 1720 cogitat
809 1644 1056 1701 :ostimentum

558 1833 687 1906 παιδάριον
700 1826 797 1904 ὀρθοῦν,
813 1827 878 1886 ἀλλὰ
892 1833 932 1886 καὶ
946 1831 1062 1887 πείθονταί
1076 1851 1109 1887 τι.

623 2153 739 2251 Pudtlrre
753 2195 781 2251 et
792 2153 966 2252 liberislitate
978 2153 1088 2252 liberos

550 2368 683 2468 Retinere
696 2407 788 2467 setius
802 2368 866 2466 esse
880 2406 970 2466 oredo
984 2367 1078 2482 quim
1091 2410 1183 2466 metu.

852 2575 917 2648 (no.
932 2590 953 2634 v
966 2591 991 2633 s.
1006 2579 1051 2633 rr.
1068 2575 1123 2647 re.)

424 2870 581 2939 Priorem
598 2871 731 2940 ratione
746 2892 817 2939 non
839 2892 962 2960 poena,
983 2873 1208 2961 posteriorem
1229 2875 1352 2942 animis
1445 2961 1447 2966 ,

378 3090 451 3138 non
467 3074 564 3138 metu
581 3069 633 3138 uti
650 3069 732 3138 satis
750 3069 867 3138 oleret.

423 3269 528 3357 Apud
546 3269 779 3336 Menandrum
795 3267 1004 3358 Lampriam
1019 3289 1128 3356 quum
1144 3269 1353 3339 AEsohinum
1373 3265 1377 3272 '

379 3470 440 3554 (1v,
458 3490 493 3553 v,
515 3490 538 3537 v
554 3489 581 3536 s.
600 3470 644 3537 50
662 3468 739 3556 sqq)
759 3467 968 3557 objurgaret,
988 3470 1091 3558 paulo
1111 3471 1226 3537 minus
1239 3469 1351 3537 lenem

377 3669 483 3736 fuisse
496 3668 673 3757 probabile
693 3675 757 3752 est,
779 3669 808 3736 si
827 3688 902 3758 rem
925 3689 968 3736 ex
989 3665 1181 3735 Scholiasta
1203 3672 1320 3756 specto
1341 3686 1348 3732 :

381 3891 398 3930 «
429 3869 629 3938 Elaboravit
651 3869 833 3937 Terentius
862 3869 1049 3937 Micionem
1083 3867 1195 3935 faeere
1227 3867 1352 3934 leviter

378 4072 607 4136 aoousantem.
642 4091 659 4132 »
689 4069 780 4136 Nam
804 4068 913 4138 Poeta
932 4069 1119 4156 plurimum
1143 4067 1351 4135 contendere

377 4291 517 4340 neeesse
530 4291 601 4373 non
620 4268 780 4352 habebat,
794 4272 834 4335 ut
846 4268 919 4356 eius
932 4268 1085 4338 indolem
1096 4269 1145 4336 ibi
1156 4267 1347 4356 effingeret,

378 4457 462 4540 siin
479 4470 596 4539 fabula
613 4489 736 4563 graeca
752 4469 836 4538 item
851 4473 1111 4560 proponeretur.
1160 4491 1163 4496 ·
