3614 5636
732 757 975 825 -127-

370 983 492 1050 beatur
509 980 606 1064 iidoc,
627 980 751 1047 hausta
768 979 827 1048 scd
850 979 978 1048 citandi
997 980 1129 1049 ratione
1148 987 1234 1063 orta,
1255 1001 1343 1067 quae

370 1202 441 1251 non
458 1182 589 1271 patitur
604 1180 718 1248 denuo
737 1186 840 1267 atque
857 1181 972 1249 denuo
986 1188 1141 1270 repetere
1159 1182 1345 1250 dubitatio-

370 1407 463 1456 nem.
491 1388 567 1457 Hoc
587 1393 704 1457 autem
726 1388 775 1456 ita
797 1407 834 1455 se
857 1387 984 1456 habere
1009 1389 1091 1457 salis
1113 1393 1247 1456 cenum
1271 1407 1345 1456 esse

373 1593 522 1661 videmr.
541 1592 633 1660 Nam
644 1593 673 1660 si
688 1591 879 1662 Scholiasta
888 1593 1189 1663 unumhabuisset
1199 1595 1343 1680 fontem,

336 1839 342 1848 -
374 1794 435 1880 qui
453 1792 496 1862 de
514 1799 617 1882 poeta
634 1793 765 1863 Graeco
781 1794 912 1863 nullam
931 1794 1141 1884 relinqueret
1162 1798 1350 1868 dubitatio-

375 2014 468 2078 nem,
483 1993 543 2061 vix
552 1993 638 2061 alius
645 1992 770 2082 peioris
783 1993 833 2061 ita
843 1993 1012 2062 rationem
1020 1994 1201 2064 habiturus
1214 1996 1347 2081 fuisset,

377 2193 417 2256 ut
434 2207 543 2276 paene
561 2208 597 2256 se
615 2188 688 2276 ipse
705 2186 786 2254 huic
801 2186 961 2276 scrupulo
972 2189 1135 2259 traderet.
1154 2189 1244 2259 Cum
1258 2192 1352 2260 enirn

379 2388 492 2459 verbis
518 2395 673 2459 utatur«
701 2390 817 2460 fabula
840 2390 1042 2478 Apollodori
1069 2412 1143 2459 esse
1167 2392 1293 2461 dicitur
1319 2417 1349 2474 a,

380 2611 416 2658 se
430 2591 544 2679 ipsum
562 2610 641 2658 cum
662 2591 715 2674 iia,
736 2592 797 2678 qui
810 2591 899 2660 hanc
916 2591 1055 2661 tradant
1067 2594 1269 2661 memoriam
1283 2615 1353 2662 non

115 2807 118 2814 '
245 2885 252 2900 G
380 2795 574 2864 consentire
585 2794 767 2884 significat.
782 2795 945 2882 Atqucin
962 2795 1174 2882 praefatione
1187 2798 1231 2864 ad
1243 2797 1355 2865 Phor-

381 3001 534 3067 mionem
550 3000 640 3069 hanc
659 3020 734 3068 rem
751 3000 900 3088 respicit,
917 3005 952 3068 et
967 3005 1138 3086 quantum
1153 2999 1299 3068 haesitet
1312 2997 1356 3068 de

382 3198 593 3287 Apollodoro
611 3197 761 3266 Graecae
780 3199 938 3287 Hecyrae
961 3204 1063 3287 poeta
1082 3198 1252 3287 significat
1276 3218 1356 3265 cum

383 3394 504 3462 dicat:
535 3417 550 3455 «
576 3393 676 3460 Hanc
703 3393 854 3461 fabulam
875 3393 1097 3462 manifestum
1117 3399 1170 3460 est
1192 3393 1286 3480 prius
1313 3393 1356 3459 ab

384 3591 595 3681 Apollodoro
616 3590 681 3659 sub
699 3591 766 3659 alio
790 3593 943 3676 nomine,
970 3593 1037 3660 hoc
1058 3596 1111 3660 est
1137 3605 1357 3676 Ἐπιδικαζόμενον

386 3796 516 3865 Graece
539 3755 701 3891 scriptam
724 3815 809 3864 esse.
840 3817 857 3858 a
878 3791 967 3859 Illud
990 3814 1006 3852 a
1026 3789 1246 3858 manifestum
1266 3794 1318 3856 est
1339 3811 1355 3850 o

385 4017 457 4065 non
475 3997 519 4064 ad
535 4001 656 4085 poetae
672 3996 733 4064 sed
750 3995 794 4062 ad
806 3993 956 4062 Graecae
974 3994 1110 4062 fabulae
1124 4013 1251 4060 nomen
1261 4010 1358 4080 spec-

245 4199 248 4204 ’
386 4205 460 4267 tare
478 4200 538 4286 qui
556 4199 790 4281 contenderet,
812 4217 893 4264 eum
910 4215 1031 4263 verum
1050 4193 1249 4282 intellegere
1268 4193 1359 4262 nolle

387 4403 556 4487 putarem.
