3610 5632
832 799 872 810 ..
918 764 962 830 60
1007 801 1050 812 ..

453 992 561 1074 pater,
589 986 661 1054 sive
685 985 817 1053 Laches
839 986 911 1052 sive
934 986 1106 1054 Demeae
1129 989 1290 1060 Terentio
1314 998 1426 1064 nomi·
1513 1065 1515 1070 ,

453 1195 567 1273 uetur,
588 1189 731 1273 nuliam,
749 1189 893 1258 stultitia
906 1188 1058 1258 filiorum
1072 1194 1200 1277 audita,
1215 1194 1426 1267 iracundiam

453 1400 614 1484 praestat.
632 1397 723 1465 Nam
737 1396 990 1466 Parmenonem
1005 1398 1048 1466 de
1062 1397 1215 1468 Chaerea
1228 1400 1427 1490 loquentem

454 1596 566 1665 solum
588 1595 785 1666 diffidenter
807 1603 938 1686 spectat
959 1605 994 1666 et
1017 1621 1033 1660 «
1060 1600 1262 1678 furciferum
1288 1627 1305 1666 »
1331 1604 1424 1675 dicit.

455 1804 614 1874 Profecto
636 1805 820 1874 iracundae
841 1811 985 1874 naturae
1006 1805 1133 1874 indicia
1146 1804 1223 1872 talis
1246 1807 1427 1895 adspectus

452 2012 489 2075 et
506 2007 574 2074 tale
591 2006 737 2075 verbum
754 2025 825 2074 non
839 2012 931 2075 sunt.
948 1989 1011 2075 Aa
1023 2007 1090 2075 hoe
1107 2007 1282 2074 neminem
1299 2007 1337 2074 in
1355 2027 1427 2076 me-

454 2209 585 2277 retricis
599 2209 702 2276 domo
722 2205 844 2276 afaeili
861 2225 943 2274 sene
959 2207 1180 2296 objurgatum
1193 2206 1298 2276 fuisse
1310 2208 1424 2291 credo,

453 2432 563 2501 quum
580 2431 644 2501 per
657 2411 847 2480 Chaeream
862 2414 970 2482 nimio
984 2415 1111 2503 gaudio
1125 2413 1351 2502 desipientem
1364 2433 1427 2501 pa-

453 2613 515 2680 tris
531 2613 639 2700 ipsius
657 2613 694 2679 in
708 2611 903 2682 clientelam
917 2616 952 2680 et
964 2611 1069 2680 fidem
1085 2634 1122 2680 se
1132 2609 1427 2683 commendavisse

454 2812 622 2880 Thaidem
637 2815 871 2884 resciscamus.

497 3012 602 3082 Micio
620 3035 748 3084 nomen
763 3035 865 3084 suum
883 3016 1023 3090 averbo
1038 3017 1154 3086 dorico
1169 3032 1252 3101 μικκός
1267 3037 1329 3105 pro
1342 3033 1426 3104 μικρός

453 3219 527 3287 sine
551 3216 656 3286 dubio
674 3237 737 3306 per
761 3225 903 3300 ἀντίφρασιν
927 3214 1044 3297 trahit,
1069 3215 1162 3302 quod
1183 3213 1295 3282 filium
1320 3216 1426 3306 adop-

453 3421 566 3488 tivum
586 3439 656 3486 non
671 3419 795 3506 exigue
806 3419 952 3497 tractat3
973 3414 1011 3480 in
1024 3414 1141 3481 tabula
1152 3435 1274 3504 graeca
1288 3430 1426 3502 Λαμπρίας

454 3644 474 3691 a
496 3636 609 3709 λαμπρός
622 3619 814 3708 appellatur
837 3619 986 3691 Demeae
1011 3617 1130 3713 frater,
1157 3616 1238 3703 quia
1252 3636 1288 3683 se
1311 3615 1427 3712 splen-

454 3824 573 3892 didum
592 3823 704 3912 gerit3
726 3823 844 3890 hocin
863 3841 972 3908 aequo
987 3825 1050 3904 est,
1073 3825 1108 3888 at
1122 3818 1214 3906 apud
1226 3818 1428 3886 Terentium

453 4045 618 4114 personae
634 4045 763 4094 nomen
780 4045 861 4094 cum
880 4025 978 4096 factis
997 4045 1059 4114 per
1076 4030 1186 4094 totam
1204 4045 1278 4092 rem
1294 4022 1427 4111 jocula-

453 4227 537 4295 riter
556 4231 697 4315 pugnat.
720 4225 952 4294 Menandreae
972 4245 1137 4314 personae
1157 4223 1323 4292 vocabulo
1344 4223 1428 4291 nihil

454 4426 564 4496 simile
581 4425 810 4497 efficiebatur.v
