3614 5636
739 779 782 794 -
826 745 868 813 31
914 779 960 796 ..

364 969 469 1036 miam
489 966 528 1036 C.
550 967 607 1034 Fr.
628 966 820 1036 Hermanni
838 969 1044 1037 sententiam
1062 969 1235 1040 discedere
1246 971 1337 1038 exis-

364 1168 538 1237 timemus.

411 1369 740 1458 Terentianipatres,
751 1370 1030 1460 ingentigaudio,
1046 1370 1338 1440 Menandreorum

369 1592 489 1677 instar,
514 1613 623 1681 quum
642 1593 827 1682 puerulum
849 1595 1010 1684 gignunt,
1030 1616 1100 1664 non
1122 1595 1320 1667 afficiuntur
1327 1617 1337 1683 ;

366 1795 483 1864 nullus
507 1802 560 1865 est
584 1798 644 1885 qui
665 1817 860 1866 sermonem
882 1797 985 1886 hujus
1008 1819 1174 1887 personae
1195 1816 1219 1870 e
1245 1814 1340 1888 Ἐμπι-

368 2017 480 2088 πραμένῃ
500 1998 625 2068 habeat
647 2017 655 2064 :

511 2250 526 2280 α
545 2229 591 2292 Ὡς
606 2225 696 2301 ἀγαθὸν
712 2229 762 2284 ἔστι
777 2233 879 2303 πρᾶγμα
892 2230 922 2285 τὸ
935 2233 1045 2304 γενέσθαι
1058 2232 1123 2295 τινός

564 2374 668 2446 πατέρα.
682 2393 698 2426 n

415 2588 468 2657 Ne
482 2589 559 2676 quis
578 2588 715 2658 fabulae
733 2609 753 2656 a
772 2589 935 2658 Terentio
952 2610 1023 2659 non
1040 2590 1226 2661 translatae
1250 2591 1344 2660 hunc

372 2808 512 2858 sensum
535 2809 608 2858 esse
627 2790 729 2861 dieat.
757 2791 847 2860 Nam
871 2793 1040 2881 ejusmodi
1063 2792 1153 2862 laeta
1172 2813 1241 2861 vox
1264 2812 1345 2881 pro·
1458 2849 1460 2854 .

373 2985 532 3058 babiliter
543 2989 670 3073 sonuit,
682 2989 892 3078 ubicumque
903 2989 962 3058 illa
975 3009 1029 3058 res
1041 2989 1098 3078 agi
1108 2993 1255 3078 poterat,
1267 2987 1347 3056 inde

374 3214 411 3280 in
428 3214 562 3284 Andria
580 3213 622 3300 (Ι.
643 3213 705 3299 vl),
725 3213 892 3303 Adelphis
911 3214 989 3300 (IV.
1008 3214 1070 3299 ιν),
1087 3212 1226 3302 Hecyra
1244 3211 1349 3282 etiam

377 3416 437 3502 (V.
459 3417 538 3503 1v):
566 3417 780 3507 Pamphilus,
807 3417 1031 3506 simulatque
1049 3437 1085 3484 se
1109 3421 1243 3504 patrem
1267 3433 1350 3483 vero

352 3659 353 3663 =
382 3636 456 3686 esse
474 3638 518 3686 ex
536 3617 762 3685 Parmenonis
781 3616 895 3685 verbis
908 3615 1089 3701 intellexit,
1106 3611 1228 3684 saltem
1244 3633 1352 3701 aeque

383 3837 423 3888 aa
440 3817 572 3888 Laches
590 3823 669 3886 ortu
685 3818 759 3887 nati
776 3817 830 3886 sui
846 3816 998 3905 gaudere
1014 3815 1172 3886 debebat.

424 4017 537 4096 Quam
547 4019 664 4107 dispar
675 4024 821 4108 paterna
832 4019 875 4085 de
889 4015 1005 4086 liberis
1017 4015 1190 4084 moestitia
1199 4015 1271 4084 estl
1287 4013 1355 4081 Vel

523 4279 589 4352 (Ad.
604 4295 624 4336 v
638 4294 663 4336 a.
679 4281 741 4335 867.
757 4277 820 4350 868)
1000 4316 1055 4334 .....
1057 4275 1119 4334 nati
1132 4231 1213 4332 filii»

489 4449 504 4480 «
518 4388 582 4485 illia
595 4442 701 4495 aura..
717 4448 731 4479 >2

1201 4497 1223 4564 6
