3614 5636
752 782 797 794 ..
842 745 886 811 95
931 779 974 792 .-

922 971 952 1036 (v
965 983 988 1023 a.
1004 968 1066 1024 849.
1082 968 1156 1040 850.)

380 1185 394 1215 a
411 1163 448 1221 Si.
467 1123 561 1220 fitium
575 1167 608 1221 tu
625 1161 683 1218 hoo
697 1123 870 1237 respdndes
891 1160 965 1235 quid
978 1161 1041 1220 istie
1060 1123 1115 1219 tibi
1128 1163 1278 1234 negotist?
1297 1165 1349 1222 Da.

1080 1244 1199 1358 [ndns
1213 1287 1252 1344 si.
1268 1288 1320 1345 na.
1335 1308 1350 1339 »

382 1483 396 1514 a
411 1463 463 1520 Da.
481 1421 568 1521 mihin
579 1462 594 1519 t
607 1461 645 1521 Si.
661 1461 725 1520 Tibi
738 1476 820 1534 ergo.
835 1461 889 1519 Da.
904 1422 990 1521 riddo
1005 1477 1061 1535 ego
1074 1461 1152 1522 intro
1166 1463 1208 1520 iui
1211 1487 1295 1522 ......

426 1759 526 1828 Hane
548 1759 846 1828 conturbationem
870 1757 1052 1828 Terentius
1077 1760 1298 1849 excogitavit,
1325 1761 1354 1828 si

382 1885 509 2027 bonati
519 1943 616 2028 ‘dicta
629 1958 689 2044 (V.
710 1978 745 2026 11.
761 1958 796 2043 8)
808 1959 1069 2048 diligentissime
1082 1961 1327 2049 perpendimus
1343 1979 1350 2027 :

384 2183 401 2222 α
411 2161 565 2249 Apparet
570 2163 619 2231 ita
624 2162 758 2232 turbari
769 2162 907 2230 Davum
914 2162 1029 2246 mode,
1042 2161 1190 2230 coasilio
1203 2162 1351 2246 Poetae,

383 2368 423 2432 ut
436 2384 556 2434 omnes
572 2365 877 2435 aminatfassaoias.
893 2363 1056 2442 »Quibus
1071 2366 1250 2448 decausis,
1265 2365 1356 2434 Davi

384 2563 587 2634 Menandrei
600 2565 779 2654 ingenium
791 2585 811 2632 a
824 2563 987 2633 Terentio
998 2565 1035 2632 in
1046 2565 1170 2634 melius
1180 2570 1355 2633 mutatum

383 2763 489 2834 fuisso
505 2763 663 2834 arbitror.

429 2962 612 3047 Parmeno,
633 2964 808 3036 Sostratae
825 2964 987 3051 famulus
1006 2985 1097 3034 nove
1115 2964 1204 3035 ludit
1225 2985 1233 3032 ε

916 3276 991 3350 (Her.
1008 3276 1107 3335 ili.1v.
1125 3276 1180 3349 ¹2.)

475 3493 489 3524 ι(
505 3433 580 3530 elim
595 3473 718 3548 quidem
729 3477 758 3531 te
772 3434 881 3532 relisae
895 3434 1088 3546 impellebdnt
1101 3473 1194 3544 leues,
1207 3497 1221 3525 »

475 3688 490 3720 u
506 3668 593 3735 Quod
606 3629 687 3728 mino
703 3668 839 3728 minitare
852 3629 948 3727 idoare
962 3674 995 3729 ut
1009 3670 1130 3741 iaceres,
1145 3631 1237 3729 Sdsie.
1253 3693 1267 3722 »

430 3965 585 4032 Donatus
603 3965 696 4033 enim
716 3964 760 4031 ad
778 3987 795 4028 «
814 3970 852 4034 ut
869 3965 1000 4033 faceres
1020 3966 1227 4035 »adnotavit
1244 3986 1251 4033 :
1271 3990 1287 4030 u
1301 3987 1358 4036 oo-

385 4165 515 4232 mioum
533 4171 586 4233 est
602 4170 637 4233 et
651 4165 911 4235 Terentianum.

430 4370 669 4460 Comparando
696 4372 922 4442 Parmenonis
951 4393 1146 4444 sermonem
1176 4396 1256 4445 oum
1285 4396 1357 4445 ser-
