3614 5636
806 786 1047 854 „124-

439 1009 511 1077 bini
534 1011 774 1078 auctoritatem
798 1012 1024 1096 sustentandi,
1051 1011 1155 1079 fidem
1178 1014 1344 1100 ejusdem,
1373 1019 1413 1082 ut

437 1217 529 1280 rocta
555 1211 706 1300 disputat
731 1211 892 1283 Dziatzko
918 1212 944 1280 Ι.
970 1233 1001 1297 c,
1021 1213 1290 1282 debilitaremus.
1320 1215 1412 1284 Hinc

384 1424 387 1428 ’
436 1415 544 1507 igitur
562 1418 643 1486 satis
661 1418 854 1487 luculenter
874 1439 1037 1508 apparere
1060 1419 1209 1502 videtur,
1230 1417 1410 1512 Ritschelii

437 1618 634 1708 opinionem
660 1639 778 1686 veram
805 1641 875 1687 non
900 1639 974 1688 esse
1006 1625 1041 1688 et
1065 1617 1249 1687 Menandri
1271 1618 1409 1708 Epitre-

434 1828 566 1912 ponton
588 1844 701 1912 nequo
718 1826 884 1893 maiorem
901 1844 1014 1914 neque
1032 1825 1202 1893 minorem
1220 1823 1410 1912 partemin

436 2019 610 2110 Hecyram
631 2021 875 2093 Terentianum
898 2026 1097 2093 translatam
1121 2044 1206 2092 esse.
1232 2023 1409 2090 Mihilose-

435 2221 507 2289 cius
522 2223 628 2290 verba
644 2223 702 2290 illa
719 2223 853 2292 Sidonii
866 2223 1074 2312 Apollinaris
1086 2225 1237 2312 genuina
1247 2228 1282 2291 et
1295 2176 1409 2290 incor-

435 2432 536 2518 rupta
558 2447 632 2494 esse
656 2433 811 2516 possunt,
838 2448 919 2494 nam
943 2427 1033 2495 inter
1055 2426 1188 2494 fabulas
1213 2444 1324 2492 novae
1350 2441 1408 2490 co-

434 2630 601 2714 moediae,
622 2649 711 2718 quae
728 2631 945 2720 potissimum
963 2631 1055 2698 inter
1072 2630 1226 2719 privatae
1244 2629 1335 2696 vitae
1346 2647 1408 2715 pa-

433 2830 535 2900 rietes
554 2830 768 2915 versabatur,
793 2831 908 2920 pluras
927 2830 1001 2898 sine
1019 2828 1124 2896 dubio
1142 2827 1408 2896 inveniebantur

432 3032 551 3100 similis
566 3033 772 3121 argumenti.
794 3031 916 3120 Neque
934 3050 1017 3099 vero
1035 3049 1098 3098 our
1111 3050 1155 3098 ex
1173 3029 1248 3097 aliis
1265 3027 1405 3096 Graecis

430 3230 554 3298 fabulis
573 3229 747 3320 Hecyram
765 3235 1033 3306 contaminatam
1053 3242 1225 3325 putemus,
1242 3233 1313 3301 ulla
1323 3252 1404 3320 pro-

430 3438 512 3506 ierri
529 3443 643 3528 potest
659 3457 789 3505 caussa.
810 3435 856 3504 Et
873 3437 1038 3525 prolecto,
1055 3453 1257 3524 quanquam
1267 3431 1405 3519 Hecyra

430 3644 570 3729 proptor
579 3645 823 3728 argumentum
832 3636 1064 3706 contaminata
1073 3638 1278 3723 essepotest‚
1287 3638 1404 3699 tamen

430 3842 459 3909 si
482 3837 663 3909 Terentius
684 3838 727 3907 ad
753 3841 843 3907 hano
867 3837 1081 3906 comoediam
1101 3833 1293 3902 faciendam
1318 3832 1403 3897 duas

428 4046 561 4113 tabulas
579 4065 718 4133 graecas
737 4044 802 4112 sibi
818 4040 1031 4129 sumpsisset,
1055 4037 1207 4104 tabulam
1227 4054 1325 4101 suam
1348 4053 1403 4098 ac-

427 4247 615 4316 tuosiorem
633 4244 780 4313 fecisset.

472 4444 603 4530 Aliam,
633 4463 737 4534 quarn
766 4440 993 4521 paschelius,
1027 4440 1202 4526 ingressus
1232 4439 1284 4500 cst
1308 4432 1400 4499 viam
