3614 5636
725 807 766 819 ..
815 772 858 838 77
905 805 946 820 .-

349 995 497 1065 demus:
524 997 560 1062 in
590 995 709 1062 charta
732 1013 853 1062 aversa
880 998 945 1062 177
966 995 1035 1062 duo
1060 995 1164 1062 verbs
1190 997 1323 1083 integra

349 1207 482 1273 minute
500 1207 627 1294 sc1ipta
643 1205 870 1274 inveniuntur
887 1225 904 1266 c
926 1219 1061 1292 μενάνδρσυ
1076 1215 1199 1290 ἀδελφῶν.
1221 1226 1238 1265 »
1258 1201 1320 1285 Ea,

349 1411 475 1499 quibus
498 1411 721 1500 archetypam
747 1409 952 1496 scripturam
975 1427 1056 1476 vere
1076 1405 1323 1494 repraesentari

350 1612 456 1682 fidem
484 1616 627 1703 propius
654 1619 722 1699 est,
756 1613 963 1735 dubitationi
992 1609 1079 1680 nihil
1105 1610 1321 1698 relinquunt,

351 1819 412 1884 aut
426 1813 656 1885 dubitandum
675 1819 727 1883 est
745 1813 789 1883 de
808 1813 954 1883 veritate
976 1817 1189 1882 caeterarum
1206 1827 1323 1879 rerum

352 2033 442 2101 quae
467 2015 559 2103 apud
583 2013 772 2083 Stobaeum
799 2015 1028 2102 reperiuntur.
1055 2011 1195 2080 Nullam
1219 2013 1326 2100 igitur

351 2213 451 2282 istius
476 2215 573 2282 modi
598 2213 836 2282 confusionem
863 2212 969 2281 fuisse
994 2217 1140 2281 constat.
1173 2209 1254 2297 Sed,
1286 2215 1327 2280 ut

352 2432 491 2482 causam
507 2435 622 2484 meam
639 2417 788 2500 vincam,
821 2431 873 2488 An
900 2421 936 2484 et
963 2431 1012 2486 nn
1041 2417 1134 2506 apud
1151 2417 1326 2488 lustinum

353 2635 427 2682 esse
440 2616 584 2684 connisa
601 2637 673 2685 non
690 2616 901 2705 conjectabo,
921 2617 1029 2687 veluti
1045 2618 1187 2689 Dubner
1202 2621 1269 2689 hoo
1283 2621 1326 2690 de

354 2813 505 2886 Stobaeo
525 2819 753 2906 conjectavit;
774 2837 887 2906 neque
904 2817 1126 2888 Monarchiae
1149 2828 1326 2890 auctorem

353 3019 593 3106 imprudenter
612 3020 803 3090 Piscatores
821 3041 883 3110 pro
903 3022 1070 3111 Adelphis
1083 3023 1198 3091 forsan
1219 3025 1327 3112 scrip-

354 3221 438 3289 sisse
456 3222 674 3292 contendam.
696 3221 737 3289 ln
758 3223 825 3291 hoc
843 3241 1062 3313 nequaquam
1084 3231 1237 3294 erratum
1254 3243 1328 3292 esse

354 3429 453 3500 facio:
481 3431 556 3520 Ego
589 3451 672 3500 vero
696 3432 795 3500 illum
821 3450 961 3501 versum
987 3431 1225 3520 Adelphorum
1255 3451 1329 3500 esse

354 3653 426 3701 non
449 3634 565 3701 minus
589 3655 792 3722 persuasum
817 3634 928 3703 habeo
955 3635 1016 3722 qui
1043 3635 1329 3723 prudentissimae

356 3837 521 3906 Meinekii
554 3840 744 3908 sententiae
778 3861 812 3928 p.
843 3842 887 3907 14
918 3839 1035 3908 favere
1066 3861 1137 3907 non
1170 3839 1290 3908 dubito
1319 3860 1327 3907 :

359 4065 375 4104 «
395 4045 518 4130 Neque
532 4044 633 4111 video
642 4043 727 4131 quid
740 4043 916 4132 impediat,
933 4044 1118 4131 quominus
1128 4045 1181 4113 bis
1192 4027 1331 4133 poetam

356 4245 478 4314 eodem
497 4266 600 4314 versu
617 4265 721 4312 usum
738 4265 812 4312 esse
825 4250 1028 4314 statuamus.
1050 4269 1067 4308 u
1084 4244 1169 4322 Quis
1186 4243 1331 4310 Menan-

357 4444 459 4514 drum
474 4447 511 4514 in
529 4446 663 4515 duabus
677 4447 863 4516 comoediis
871 4447 1033 4515 eumdem
1045 4465 1183 4514 sensum
1197 4444 1241 4511 ad
1258 4445 1329 4511 dis-
