3610 5632
823 726 1039 792 -44-

447 1013 462 1044 (ι
485 955 624 1059 Quintist
644 994 766 1066 sapere!
788 955 944 1066 nimquam
966 996 1085 1064 accedo,
1108 957 1180 1068 quin
1206 997 1289 1055 abste
1309 999 1417 1056 abeam

1251 1083 1385 1190 [diratior.
1401 1142 1415 1172 »

1027 1253 1111 1325 (Eun.
1126 1270 1146 1309 v
1160 1271 1184 1309 s.
1201 1254 1276 1326 791.)

470 1402 478 1443 1
558 1441 563 1452 .
692 1441 698 1452 .
790 1403 799 1452 l
929 1441 934 1454 .
1023 1403 1032 1444 ¹
1106 1442 1111 1453 .

448 1441 526 1498 Gaue
541 1457 581 1496 srs
597 1457 604 1495 ι
620 1456 715 1498 nescis
730 1457 801 1514 quor
815 1441 893 1500 male
906 1442 987 1499 dicas
997 1457 1181 1500 nuncvrro...
1197 1463 1211 1492 ι»
1261 1443 1291 1514 (v
1302 1459 1326 1500 s.
1343 1443 1417 1515 799.)

493 1656 545 1726 lta
564 1654 783 1726 Chremetem
807 1659 992 1746 alloquitur
1010 1660 1071 1745 qui
1091 1659 1215 1727 ducem
1236 1681 1252 1722 c
1277 1660 1417 1727 furcife-

444 1879 523 1928 rum
543 1880 560 1922 »
580 1859 744 1947 increpat.

448 2159 462 2188 ιι
477 2099 589 2197 liiseret
600 2139 643 2196 tui
652 2154 711 2207 me,
722 2139 775 2212 qui
787 2101 868 2196 himo
877 2143 993 2199 tantum
1003 2139 1156 2198 hominem
1166 2101 1256 2196 finias
1266 2100 1418 2196 inimicim

1009 2289 1010 2292 Ν
1312 2209 1415 2282 ruci.»

1108 2328 1144 2398 (v
1158 2344 1182 2383 ⁵·
1198 2329 1275 2398 8⁰²)

490 2540 641 2610 Gravem
669 2564 751 2611 vero
783 2545 855 2631 ejus
883 2545 1089 2632 jocationem
1115 2543 1292 2634 occasione
1322 2545 1418 2612 omni

397 2831 400 2842 .
446 2771 520 2819 esse
540 2753 885 2822 animadvertendum
902 2754 1110 2822 est‘Nonno
1128 2753 1233 2841 legati
1243 2753 1363 2820 munia
1380 2754 1416 2819 in

447 2953 575 3021 serium
592 2973 727 3043 semper
745 2962 880 3024 vertere
899 2957 1048 3040 videtur,
1066 2957 1171 3024 etiam
1182 2976 1291 3043 quum
1307 2955 1416 3043 impe·

445 3161 1416 3254 ratonemsuumrcgatdimissurusnesitjamcxercituml

490 3356 627 3428 Gnatho
651 3365 768 3428 tamen
797 3379 869 3427 non
899 3360 1011 3426 solum
1038 3359 1137 3427 dicax
1159 3358 1326 3440 adulator,
1357 3357 1417 3424 sed

445 3564 550 3633 etiam
559 3564 899 3653 calliduspotensque
910 3564 997 3632 fatui
1008 3563 1126 3630 militis
1137 3562 1297 3630 inimicus
1311 3561 1417 3629 exsis-

445 3765 488 3834 tit
496 3783 505 3849 ;
525 3785 629 3852 quem
642 3766 735 3834 enim
753 3765 977 3834 constrictum
989 3763 1161 3831 Chaereae
1175 3768 1210 3830 et
1228 3763 1417 3829 Phaedriae

447 3970 697 4038 comedendum
715 3974 818 4056 atque
836 3967 1095 4050 ludificandum‚
1114 3966 1284 4047 mercede,
1306 3964 1417 4051 qualis

447 4174 586 4264 parasiti
612 4177 733 4240 votum
757 4173 892 4260 implet,
925 4174 1006 4240 hinc
1032 4171 1193 4259 illincque
1233 4171 1415 4258 promissa,

448 4373 671 4446 libentissime
689 4373 804 4448 tradit.
