3614 5636
804 733 1044 802 ..105-

441 1030 455 1066 e
472 973 611 1085 optinet:
628 1011 712 1085 quod
725 1012 751 1068 si
764 973 896 1085 peticio,
911 1026 973 1071 non
988 973 1120 1084 polenitet
1133 1029 1182 1070 me
1192 974 1301 1082 iamne,
1319 1035 1331 1062 »ι

442 1231 456 1261 «
473 1169 573 1268 solim
587 1207 691 1266 fauisse
704 1206 736 1266 id
748 1169 831 1282 quid
845 1207 920 1268 allae
934 1170 1101 1268 meretrices
1116 1207 1212 1267 lacere
1226 1172 1363 1282 ligiam.
1378 1229 1393 1260 o

484 1529 578 1596 Num
599 1527 657 1594 illa
670 1528 762 1617 apud
780 1528 1013 1598 Menandrum
1032 1535 1103 1597 tam
1111 1549 1282 1618 generosa
1297 1530 1414 1598 indole

440 1726 638 1812 ornabatur,
655 1733 691 1796 ot
708 1727 877 1816 ejusmodi
895 1728 1034 1797 laudem
1050 1734 1186 1799 tantum
1207 1729 1415 1818 expetebat?

442 1947 459 1987 u
482 1924 595 1994 Multa
613 1926 796 1994 Terentius
812 1927 958 1994 feliciter
974 1947 1077 1995 ausus
1095 1933 1159 2010 est,
1181 1933 1255 1996 arte
1273 1927 1382 1996 fretus
1404 1947 1411 1994 :

440 2145 522 2194 nam
534 2131 570 2193 et
584 2144 701 2193 socrus
716 2125 835 2210 bonas,
849 2133 885 2195 et
901 2126 1099 2196 meretrices
1109 2127 1246 2196 honesti
1259 2128 1412 2216 oupidas‚

440 2329 682 2414 praeterquam
712 2325 955 2414 pervulgatum
985 2332 1052 2409 est,
1080 2325 1196 2394 laoit:
1229 2327 1289 2394 sed
1318 2332 1415 2396 tanta

440 2527 619 2618 vigilantia
632 2545 816 2596 causarum
833 2532 868 2593 et
886 2526 1059 2592 rationum
1076 2531 1253 2594 momenta
1269 2463 1414 2614 subjun-

440 2730 503 2812 xit,
514 2735 554 2797 ut
568 2729 600 2796 ei
612 2727 675 2794 soli
686 2727 809 2796 merito
822 2727 1005 2796 videantur
1023 2726 1139 2794 omnia
1150 2725 1264 2794 lieere.
1288 2725 1415 2794 »Haeo

441 2935 493 2998 est
522 2928 648 2996 Donati
679 2928 901 3010 existimatio,
938 2927 1043 3009 unde,
1075 2932 1196 2994 eontra
1227 2945 1268 2993 ao
1299 2931 1416 2996 censet

440 3126 704 3216 Koenighoffius
712 3127 773 3214 (1),
783 3125 1415 3216 meretriculamarohetypomeliorem
1466 3210 1468 3215 .

440 3330 680 3399 adruubratam
699 3351 772 3398 esse
793 3331 956 3399 constitui
979 3336 1102 3418 potest,
1124 3329 1311 3400 dummodo
1335 3350 1415 3397 ver-

440 3537 564 3608 borum
594 3536 747 3624 pondera
772 3535 955 3624 diligenter
980 3537 1243 3604 examinemus:
1266 3532 1415 3602 feliciter

440 3755 555 3806 ansus
574 3740 639 3818 est,
661 3735 877 3824 artesretus
895 3758 907 3803 .·
927 3735 1133 3806 meretrices
1154 3733 1298 3804 honesti
1313 3733 1414 3824 eupi-

440 3938 522 4020 dus,
546 3942 811 4028 praeterquam
837 3937 1101 4025 pervulgatum
1128 3938 1198 4018 est,
1218 3933 1329 4022 sarit.
1357 3933 1415 4002 Ad

474 4261 515 4334 (l)
529 4276 561 4334 p.
576 4265 620 4318 63.
638 4282 652 4312 «
667 4264 759 4318 Nemo
774 4264 872 4319 autem
889 4261 920 4317 in
935 4259 1068 4340 animum
1081 4258 1202 4317 inducet
1214 4257 1285 4317 hino
1299 4257 1415 4316 efficere

439 4402 572 4464 Terentio
586 4403 618 4462 id
629 4397 703 4477 'pree
715 4403 876 4464 Menandro
886 4408 938 4464 eut
950 4403 1131 4480 Apollodoro
1142 4402 1298 4480 proprium
1312 4418 1387 4460 esse.
1399 4423 1413 4454 »
