3610 5632
754 829 794 840 ..
840 794 884 860 49
928 829 973 842 ..

375 1036 419 1084 ex
445 1015 615 1084 Eunucho
640 1014 805 1098 Chaerea,
837 1021 873 1082 et
902 1014 1034 1102 aliquot
1064 1014 1157 1084 leves
1182 1037 1348 1103 personae

378 1217 686 1306 proficiscerentur.
707 1219 799 1306 Ergo
817 1219 854 1286 id
865 1239 935 1286 non
952 1219 1074 1288 fuisset
1089 1218 1172 1288 satis
1191 1239 1296 1307 grave
1309 1219 1353 1288 ad

378 1417 592 1487 comoediam
609 1417 820 1486 Eunuchum
837 1418 1018 1486 dicendam
1027 1437 1038 1504 3
1059 1417 1166 1487 Colax
1178 1420 1355 1489 nominata

380 1625 481 1703 esset,
513 1619 641 1707 qnippe
666 1639 775 1706 quum
806 1619 959 1706 quinque
988 1617 1124 1689 Colacis
1153 1621 1356 1709 praecipuae

382 1819 738 1906 personaepraecipua
749 1819 1161 1906 exemplapraebuissent.
1171 1818 1356 1888 Caeterum
1460 1793 1466 1808 ’

383 2039 499 2087 nonnae
516 2019 603 2088 duos
619 2019 742 2087 iratres
761 2019 912 2108 ejusdem
925 2018 1061 2087 fabulae
1081 2039 1155 2087 esse
1173 2018 1295 2088 decet?
1307 2019 1357 2088 At

383 2226 413 2292 si
431 2224 593 2293 Eunuchi
611 2224 783 2292 Phaedria
800 2229 863 2308 est,
881 2225 1069 2312 inquiritur
1087 2225 1217 2293 frustra·
1232 2245 1294 2294 cur
1303 2245 1358 2294 res

383 2425 434 2494 illi
455 2426 631 2495 carissima
653 2425 792 2494 aliunde
812 2432 902 2494 esset
925 2433 1035 2496 eruta.
1056 2426 1273 2516 Quapropter
1294 2427 1360 2496 Te-

384 2627 547 2710 rentium,
565 2627 594 2694 si
611 2627 779 2713 quasdam
796 2625 934 2695 illarum
954 2648 1178 2714 personarum
1197 2634 1312 2716 partes
1323 2629 1361 2696 in

386 2830 600 2898 comoediam
623 2850 721 2898 suam
741 2830 1002 2918 transposuerit,
1021 2830 1180 2917 quamvis
1203 2829 1360 2898 Konradi

390 3030 533 3098 Braunii
544 3035 656 3099 totum
671 3031 925 3100 Parmenonem
936 3037 972 3100 et
986 3032 1193 3100 Phaedriam
1201 3032 1363 3100 Eunuchi

390 3251 463 3298 esse
490 3232 662 3320 opinantis
692 3231 740 3318 (1)
765 3232 802 3300 in
833 3233 1039 3302 sententiam
1064 3234 1239 3302 discedere
1269 3234 1363 3301 haud

320 3541 322 3543 Ι
388 3431 514 3518 injuria
535 3431 646 3516 liceat,
669 3433 819 3500 minores
843 3433 1025 3502 deduxisse
1047 3433 1182 3522 liquet3
1207 3435 1300 3522 quod
1320 3455 1364 3502 ex

391 3632 479 3700 lhnii
504 3633 611 3720 ipsius
627 3633 756 3720 judicio
779 3638 926 3702 manat:
953 3632 1142 3704 «Servum
1165 3655 1302 3722 quoque
1327 3635 1364 3702 in

393 3834 516 3904 Colace
537 3835 648 3902 luisse
673 3841 808 3922 oportet
833 3835 906 3902 eius
933 3855 1110 3924 personae,
1134 3856 1223 3924 quae
1248 3835 1366 3907 militis

392 4038 508 4108 rivalis
535 4038 763 4106 inducebatur
790 4037 827 4124 (i.
861 4059 892 4106 e.
924 4038 1128 4125 Phaedriae)
1160 4046 1263 4128 atque
1293 4041 1367 4108 eius

393 4243 483 4310 servi
508 4243 614 4310 verba
631 4263 705 4312 esse
723 4243 888 4334 suspicor,
913 4244 1077 4313 translata
1101 4264 1142 4312 ea
1166 4265 1208 4312 ex
1231 4243 1366 4326 Colace,

301 4532 307 4538 -
428 4496 467 4569 (l)
483 4495 676 4562 Quaestiones
690 4495 890 4552 Terentianae.
904 4512 935 4568 p.
952 4499 996 4552 25.

1171 4573 1193 4635 4
