3614 5636
805 793 850 804 ..
893 755 938 850 90
984 790 1025 802 .-

431 1004 453 1051 1.
481 983 548 1065 293
576 981 713 1048 Heaut.
738 978 762 1044 Ι.
788 997 810 1045 1.
840 978 885 1046 65
898 996 908 1061 ;
929 977 1090 1066 Adelph.
1119 977 1178 1045 ΙΙΙ.
1196 981 1229 1046 3.
1257 981 1312 1048 30.
1335 980 1403 1048 Hie

430 1180 558 1270 erravit
576 1177 839 1268 Koenighoffius
852 1195 862 1261 ;
882 1197 964 1244 nam
979 1179 1129 1246 Demeae
1143 1178 1249 1245 verba

503 1451 516 1482 r
532 1391 635 1488 Viddre
648 1427 754 1487 uideor
766 1390 827 1486 idm
841 1427 921 1485 diem
935 1426 1029 1498 illum,
1045 1443 1114 1485 oum
1128 1389 1197 1486 hino
1212 1444 1302 1501 egens
1316 1451 1331 1481 a

532 1563 663 1674 Profdgit
678 1600 779 1674 aliquo
790 1561 948 1658 militatum
951 1639 1004 1658 .....

433 1843 505 1891 non
521 1823 558 1890 in
574 1819 755 1891 stultitiam
772 1819 934 1887 amatoris
947 1817 1065 1906 rejecti
1082 1821 1143 1885 aut
1154 1817 1281 1901 vexati,
1296 1817 1405 1886 sedin

434 2026 548 2095 audax
562 2023 744 2092 eonsilium
761 2021 990 2111 epatrimonii
1005 2021 1166 2090 helluone
1177 2021 1249 2090 fere
1267 2041 1405 2110 suseep-

432 2233 509 2296 tum
526 2226 695 2295 incidunt.

480 2431 527 2500 At
546 2431 705 2519 quamvis
716 2428 876 2497 AEsohini
886 2429 1003 2512 irater,
1017 2428 1262 2517 relinquendae
1276 2429 1406 2517 patriae

435 2637 579 2714 eertum,
602 2636 642 2699 ut
660 2628 830 2698 Charinus
849 2630 904 2698 vel
923 2629 1045 2714 Clinia,
1065 2650 1101 2698 se
1119 2605 1293 2719 praebeat,
1314 2630 1406 2699 illius

433 2821 550 2900 tamen
578 2832 677 2900 dolor
701 2832 826 2900 horum
857 2830 1115 2942 doloreminor
1145 2835 1212 2914 est,
1243 2830 1406 2918 quoniam

434 3034 536 3122 longe
556 3055 576 3100 a
594 3033 724 3102 delioiis
740 3033 811 3102 suis
829 3053 920 3101 unus
941 3031 1017 3102 vult
1034 3032 1204 3116 recedere,
1228 3031 1314 3100 alter
1330 3052 1413 3100 sus,

434 3238 550 3322 tinuit,
570 3237 731 3327 Ctesipho
749 3246 945 3306 autemnon
964 3237 1050 3304 vult.
1068 3235 1174 3324 Cujus
1192 3236 1289 3304 dolor
1302 3255 1407 3344 quam

435 3436 623 3506 alterorum
640 3442 712 3505 tarn
733 3457 879 3525 magnus
898 3442 937 3505 ut
958 3442 1060 3519 esset,
1079 3441 1253 3523 oporteret
1274 3435 1407 3503 adoles-

435 3657 516 3706 cens
534 3639 571 3704 in
588 3639 699 3727 patria
722 3659 862 3706 manere
880 3639 1006 3707 vellet.¹
1023 3639 1080 3721 Et,
1103 3638 1131 3705 si
1153 3638 1242 3705 mori
1256 3642 1296 3706 ut
1316 3637 1408 3725 apud

435 3841 668 3909 Menandrum
698 3841 878 3924 voluisset,
915 3841 1012 3908 dolor
1042 3840 1116 3927 ejus
1144 3840 1264 3907 fuisset
1297 3839 1407 3907 multo

434 4040 555 4126 major.
579 4038 698 4126 Itaque
711 4039 893 4106 Terentius
911 4038 1114 4106 Menandrei
1128 4039 1274 4106 amantis
1290 4038 1408 4105 funes-

434 4244 524 4322 tum,
545 4238 618 4306 sine
636 4237 741 4305 dubio
752 4256 797 4305 ne
815 4255 995 4323 τραγικώτερον
1010 4237 1119 4318 fieret,
1134 4236 1315 4305 eonsilium
1329 4257 1408 4305 mu-

434 4439 552 4524 tando,
574 4459 740 4528 personae
753 4438 886 4506 animos
899 4438 1025 4527 partim
1043 4437 1204 4506 mutavit.
