3610 5632
829 767 868 776 -
914 733 958 797 48
1004 769 1045 778 -

456 961 494 1022 ut
509 952 640 1020 Colaois
658 970 823 1039 personae
840 953 965 1038 quibus
984 955 1098 1020 minus
1116 955 1295 1038 aoeedunt,
1309 955 1426 1044 appel-

458 1154 521 1222 lari
540 1155 716 1224 deberent.
738 1154 802 1222 Sin
816 1161 929 1222 autem
951 1161 1087 1223 tantum
1106 1156 1268 1242 utrinque
1286 1177 1427 1246 exoerp-

460 1357 554 1440 serit,
574 1363 659 1424 tuno
676 1375 807 1440 servuS,
827 1357 963 1443 juvenis
975 1361 1010 1424 et
1027 1358 1190 1424 meretrix
1206 1357 1329 1424 iisdem
1342 1357 1428 1462 dua-

460 1574 539 1621 rum
563 1553 757 1621 fabularum
782 1553 935 1640 personis
961 1573 1069 1640 aeque
1100 1553 1227 1621 similes
1248 1559 1340 1636 sunt,
1365 1509 1430 1621 nee

459 1752 532 1819 ulla
544 1752 715 1840 reperitur
732 1771 835 1819 eausa
847 1771 909 1819 eur
924 1752 1033 1840 magis
1048 1752 1231 1836 Parmeno,
1245 1752 1426 1836 Phaedria,

461 1956 566 2022 Thais
585 1975 689 2043 quam
707 1956 836 2037 Davus
857 1953 1128 2037 Chaerestratus
1148 1953 1289 2042 Chrysis
1305 1973 1430 2021 voeen-

460 2161 528 2221 tur.
553 2154 649 2222 Haeo
666 2154 773 2241 igitur
791 2153 905 2240 opinio
927 2154 1065 2240 probari
1084 2155 1216 2241 nequit.
1239 2153 1279 2220 ln
1302 2153 1430 2240 prinoi-

463 2351 563 2438 palia,
592 2351 693 2418 uniea
717 2350 820 2416 etiam
843 2350 1000 2438 exempla
1023 2352 1085 2418 has
1104 2357 1174 2419 tres
1197 2350 1329 2419 Colaois
1352 2371 1430 2439 per-

459 2572 559 2618 sonas
572 2551 674 2617 ivisse
685 2570 778 2617 nune
789 2550 965 2618 faciamus
981 2551 1139 2658 Primum
1152 2571 1222 2617 non
1235 2565 1324 2618 esset
1338 2553 1431 2639 quod

461 2752 570 2820 Poeta
593 2771 650 2862 eas
671 2771 742 2817 non
767 2750 866 2818 aliter
890 2751 1111 2834 nominasset,
1140 2751 1431 2838 quemadmodum

462 2950 561 3018 aliter
578 2948 771 3017 Struthiam
781 2955 817 3016 et
832 2949 1203 3017 Biantemnominavit.
1223 2950 1355 3018 Deinde
1367 2950 1433 3017 hoe

462 3168 533 3217 non
552 3154 605 3216 est
621 3148 817 3230 verisimile,
837 3148 1001 3234 quomam
1025 3147 1206 3216 Terentius
1224 3150 1298 3236 ipse
1318 3149 1433 3221 elaris-

460 3350 539 3417 simi
566 3348 722 3416 candoris
759 3368 796 3415 se
825 3348 862 3414 in
892 3348 1101 3416 Eunuchum
1132 3369 1230 3416 suam
1261 3370 1280 3417 e
1311 3348 1434 3418 Colace

462 3548 649 3634 parasitum
678 3553 712 3615 et
741 3546 887 3614 militem
915 3546 1129 3615 transtulisse
1160 3549 1263 3616 modo
1292 3537 1456 3618 fatetur(

394 3781 395 3784 π
464 3746 647 3814 Praeterea
661 3746 863 3816 Terentium
877 3747 1002 3833 cuique
1019 3746 1156 3817 fabulae
1168 3769 1296 3818 nomen
1309 3750 1435 3838 prinei-

439 4003 440 4008 ,
463 3944 549 4033 palis
568 3947 717 4035 exempli
744 3948 877 4016 dedisse
900 3967 944 4016 ex
962 3948 1112 4036 prologis
1134 3954 1238 4036 patet.
1263 3949 1384 4033 Porro,
1407 3951 1435 4016 si

465 4144 648 4230 Permane,
679 4146 751 4234 qui,
780 4147 879 4233 juxta
911 4147 1097 4231 Donatum,
1129 4169 1146 4210 «
1176 4149 1304 4236 primas
1333 4148 1437 4216 habet

465 4352 578 4436 partes
594 4369 625 4430 »,
648 4346 818 4413 Phaedria
834 4353 869 4413 et
887 4346 990 4412 Thais
1011 4345 1142 4414 Colaois
1154 4354 1279 4433 essent,
1300 4355 1436 4417 tantum
