3610 5632
808 861 848 872 ..
894 825 939 892 56
985 861 1025 872 -

432 1069 492 1116 seu
507 1069 586 1116 oum
601 1049 729 1136 judicio
748 1069 810 1116 suo
831 1068 990 1116 seucum
1009 1049 1162 1116 moribus
1186 1051 1405 1116 commutatis

432 1250 658 1338 congruentia
670 1249 816 1332 dedisse,
833 1268 904 1315 non
918 1254 1035 1317 autem
1046 1269 1062 1310 c
1076 1268 1165 1335 quae
1179 1263 1403 1336 personarum

433 1451 586 1519 moribus
616 1449 725 1538 magis
748 1447 996 1537 responderent
1024 1467 1129 1536 quam
1164 1469 1184 1516 a
1215 1448 1407 1517 Menandro

435 1655 605 1744 imposita.
621 1675 637 1718 a
652 1652 792 1722 Etenim
799 1673 840 1722 cx
855 1673 896 1722 ea
908 1651 1353 1744 Koenighoffiiopinionep.
1365 1658 1408 1724 14

436 1857 522 1926 illud
538 1863 663 1926 natura
674 1858 897 1945 consequitur
914 1863 955 1926 ut
969 1857 1110 1926 nomina
1123 1859 1277 1928 moribus
1288 1881 1410 1949 parum

437 2059 679 2148 respondentia
697 2059 805 2127 Poeta
819 2059 946 2128 latinus
958 2061 1072 2150 solum
1082 2063 1297 2130 mutavisset.
1314 2061 1411 2139 Quo-

437 2261 528 2329 circa
552 2262 589 2329 in
614 2261 680 2329 hoc
705 2231 898 2332 Menander
924 2282 961 2330 re
986 2263 1117 2331 comica
1144 2271 1215 2332 tarn
1239 2263 1411 2352 perfectus

439 2468 596 2546 errasset,
621 2483 702 2530 nam
727 2483 743 2524 u
767 2462 909 2530 nomina
930 2481 1155 2550 personarum
1176 2465 1213 2532 in
1236 2463 1413 2532 comoedia

439 2667 620 2736 dumtaxat
653 2655 779 2734 habere
808 2665 936 2734 debent
972 2666 1141 2734 rationem
1175 2670 1210 2734 et
1243 2665 1413 2754 etymolo-

440 2871 533 2960 giam
545 2872 594 2956 (1)
609 2894 640 2954 »,
652 2871 795 2959 ejusque
809 2870 895 2938 vitia
908 2891 929 2937 a
942 2869 1104 2938 Terentio
1111 2869 1246 2938 sublata
1254 2869 1411 2940 fuissent.

443 3068 538 3136 Istud
568 3067 768 3136 incredibile
805 3074 868 3138 est.
900 3069 1032 3136 Eodem
1063 3089 1179 3137 errore
1206 3068 1339 3137 Teuffel
1370 3071 1414 3137 ad

441 3269 626 3338 dicendum
640 3270 764 3338 ductus
777 3275 851 3338 est:
875 3292 891 3332 (ι
904 3270 967 3337 Die
980 3269 1285 3338 Personennamen
1303 3270 1422 3337 sciuer-

441 3471 616 3559 Originale
625 3472 786 3540 aenderte
800 3470 879 3539 Ter.
896 3471 998 3539 meist
1012 3470 1067 3555 ab,
1083 3471 1365 3559 hauptsaeohlioh
1377 3492 1415 3538 so

441 3677 519 3743 dass
537 3674 593 3743 die
605 3674 782 3742 Personen
795 3675 897 3742 einen
915 3674 1051 3740 Namen
1062 3672 1188 3740 tirhren
1205 3673 1328 3740 dessen
1343 3671 1417 3760 Ap—

442 3874 783 3962 pellativbcdeutung
792 3873 885 3941 ihrer
897 3872 997 3941 Rullo
1009 3872 1200 3961 entsprioht
1209 3871 1270 3958 (2).
1291 3894 1307 3934 a
1320 3873 1418 3939 Nun·

477 4171 516 4243 (t)
531 4173 635 4227 Donat.
653 4171 709 4227 Ad.
725 4171 747 4226 1.
766 4176 791 4227 t.
809 4176 833 4228 t.

480 4372 518 4444 (2)
535 4371 703 4429 Geschichte
723 4371 775 4427 der
795 4370 978 4428 roemischen
999 4370 1150 4428 Literatur.
1171 4387 1201 4444 p.
1225 4374 1284 4428 185.
1303 4369 1420 4444 Leipzig

446 4519 523 4574 1875.
