3614 5636
126 3238 286 3307 Parasitus

738 784 978 853 ..109-

372 1012 445 1074 arte
476 1013 607 1076 eeteros
641 1008 779 1076 vincere
814 1009 1033 1097 profiteatur,
1067 1012 1226 1080 Biantem
1264 1033 1344 1081 vere

372 1206 537 1293 suspicari
550 1225 640 1293 queo
657 1228 700 1275 ex
718 1208 772 1275 his
791 1208 968 1277 Struthiae
989 1208 1162 1278 blanditiis
1181 1229 1189 1276 ε

568 1498 692 1571 Χρυσίδα,
709 1500 842 1573 Κορώνην,
865 1499 1021 1572 Ἀντικύραν,
1042 1499 1149 1574 Ἰσχάδα

567 1663 608 1715 καὶ
622 1661 764 1734 Ναννάριον
778 1663 886 1736 ἔσχηκας
900 1665 993 1736 ὡραίαν
1008 1664 1080 1721 πάνυ.

421 1939 489 2008 Iste
506 1938 611 2008 habet
625 1939 719 2026 quod
735 1939 840 2008 tantis
854 1939 1006 2008 victoriis
1024 1940 1222 2030 superbiat:
1243 1962 1348 2030 quam

377 2141 470 2211 enim
489 2140 626 2209 difficile
646 2145 682 2208 et
699 2140 888 2229 gloriosum
906 2146 959 2209 est
975 2105 1173 2209 meretriees
1193 2141 1348 2230 captare!

379 2342 438 2412 Sio
463 2344 543 2412 Bias
567 2365 639 2412 non
664 2346 778 2413 solum
800 2346 916 2414 minus
941 2353 1137 2435 temperans
1163 2348 1353 2416 sedetiam

379 2545 490 2633 magis
502 2545 715 2634 voluptarius
724 2566 830 2633 quam
838 2546 969 2614 Thraso
982 2547 1184 2616 ostenditur.
1202 2547 1354 2617 Multum

380 2744 488 2833 igitur
501 2745 598 2815 abest
609 2753 649 2816 ut
662 2747 845 2816 Terentius
857 2748 1060 2816 Menandrei
1070 2748 1188 2817 militis
1198 2750 1353 2818 animum

384 2936 557 3008 simillime
572 2939 733 3029 pinxerit.

432 3231 529 3299 Licet
543 3251 606 3319 per
627 3233 768 3300 titulum
790 3232 927 3301 fabulae
949 3253 1037 3320 quae
1064 3247 1152 3312 Κόλαε
1174 3232 1299 3302 dieitur
1324 3239 1359 3303 et

388 3451 450 3518 per
467 3432 613 3519 paucula
631 3433 705 3520 ejus
714 3432 908 3522 fragmenta
919 3432 1102 3501 Menandri
1116 3440 1282 3522 tanquam
1293 3434 1360 3502 Te-

390 3635 492 3702 rentii
503 3635 692 3723 parasitum
708 3635 873 3723 pecuniae
890 3636 933 3704 de
952 3636 1057 3705 stulta
1070 3637 1187 3705 militis
1202 3636 1362 3725 superbia

391 3837 623 3906 conficiendae
654 3839 804 3926 peritum
836 3845 871 3945 et
903 3845 1043 3928 propter
1072 3840 1139 3907 hoe
1169 3835 1364 3907 adulatione

393 4048 549 4123 utentem
569 4041 810 4128 imaginemur,
826 4039 1062 4123 nihilominus
1083 4059 1193 4128 quum
1212 4039 1291 4107 Bias
1310 4040 1365 4106 in-

393 4248 656 4335 temperantiam
687 4246 948 4334 uoluptatesque
978 4247 1182 4328 venditaret,
1214 4250 1366 4311 assenta-

395 4453 506 4521 tiones
530 4450 706 4518 Struthiae
731 4451 797 4518 ista
818 4449 901 4517 vitia
924 4447 1099 4516 interdum
1116 4444 1302 4513 redoluisse
1325 4463 1368 4510 ex
1436 4447 1452 4524 [
