3610 5632
844 765 1065 828 -Ῑὸ-

467 1014 547 1062 cens
567 993 734 1079 conjicere
755 991 1008 1056 Parmenonem
1027 989 1203 1075 suspicor;
1229 989 1356 1075 quippe
1382 990 1443 1074 qui

467 1195 562 1282 pejor
582 1193 741 1260 uideatur
754 1211 859 1277 quam
879 1209 1000 1256 revera
1018 1194 1081 1271 est,
1101 1189 1264 1275 quoniam
1287 1193 1442 1254 contrac-

468 1401 551 1477 tam,
572 1393 751 1462 inferendo
768 1392 840 1458 vim
859 1389 1071 1478 Pamphilae,
1092 1389 1230 1484 culpam
1248 1387 1443 1476 corrigendi

468 1605 594 1682 certus,
629 1617 665 1664 se
698 1617 768 1663 non
798 1599 971 1683 quaesisse
995 1603 1035 1665 ut
1060 1594 1227 1662 belluinos
1249 1592 1443 1679 voluptates

470 1797 647 1885 expleret,
681 1798 741 1865 sed
778 1796 1081 1863 vehementissimo
1112 1815 1228 1861 amore
1260 1793 1443 1880 abreptum

468 1999 573 2066 fuisse
587 1998 711 2065 Thaidi
724 1999 916 2086 profitetur,
934 2003 969 2064 ct
983 1997 1026 2064 ab
1041 2018 1081 2064 ea
1098 1998 1202 2065 etiam
1220 1996 1386 2084 efflagitat
1404 2004 1443 2063 ut

469 2220 505 2265 se
513 2199 556 2266 ad
565 2199 781 2286 Pamphilam
790 2219 934 2266 uxorem
942 2199 1133 2266 ducendam
1142 2199 1293 2284 adJuvet.
1305 2197 1443 2274 Quanto

469 2400 616 2468 exsultat
634 2400 771 2488 gaudio,
788 2421 896 2487 quum
914 2400 1020 2482 illam,
1038 2421 1143 2487 quarn
1161 2401 1274 2468 civem
1292 2420 1366 2467 esse
1380 2422 1443 2488 pro

468 2621 551 2667 vero
581 2600 742 2683 obtinuit,
768 2602 832 2668 sibi
859 2622 1019 2688 sponsam
1047 2565 1173 2670 hahet!
1207 2603 1300 2690 Ergo
1328 2622 1443 2668 nonne

468 2806 559 2868 ratre
578 2801 718 2868 rationis
733 2811 768 2868 et
786 2803 926 2889 pudoris
945 2803 1132 2871 admodum
1151 2808 1291 2891 experte
1306 2802 1443 2870 saltem·

468 3000 643 3087 aliquanto
658 3003 780 3070 melior
799 3003 878 3071 est?

515 3201 684 3270 Phaedria
713 3200 866 3288 quidem,
898 3202 934 3269 in
958 3202 1175 3270 meretricem
1204 3203 1440 3284 exardescens

469 3403 526 3470 cui
539 3422 658 3470 omnes
672 3401 857 3470 laetissime
875 3404 1047 3472 consumit
1055 3404 1222 3486 fortunas,
1235 3402 1320 3471 adeo
1332 3403 1442 3489 turpis
1531 3439 1534 3446 ·

471 3611 534 3688 est,
553 3610 604 3688 ut,
625 3625 666 3672 ea
679 3610 852 3692 precante,
871 3605 973 3672 militi
991 3624 1215 3672 concessurus
1237 3604 1342 3671 biduo
1362 3623 1443 3708 con-

470 3809 595 3878 tinenti
622 3809 739 3876 abesse
766 3809 860 3879 volit.
894 3834 910 3872 α
940 3809 1016 3877 Mos
1042 3811 1234 3899 gerundust
1258 3809 1391 3878 Thaidi.
1424 3832 1439 3869 n

468 4013 506 4096 (v
527 4032 554 4077 s
574 4011 668 4094 188.)
682 4009 773 4077 Sane
787 4015 901 4078 totum
915 4011 981 4077 isto
995 4010 1185 4078 consiliose
1200 4010 1339 4077 indicat.
1358 4007 1442 4084 Quis

467 4213 574 4301 igitur
593 4213 750 4297 miretur,
772 4214 865 4301 quod
886 4237 902 4275 «
921 4220 1077 4281 extrema
1095 4213 1185 4280 linea
1199 4231 1313 4279 amare
1335 4235 1350 4274 »
1368 4218 1443 4278 tan-

468 4418 543 4481 tum
564 4420 729 4501 exoptans
747 4420 826 4481 ante
843 4414 974 4481 dictum
995 4418 1131 4500 tempus
1153 4412 1280 4495 redeat,
1307 4418 1341 4478 et
1366 4431 1442 4498 pos·
1562 4393 1564 4399 ’
1641 4503 1649 4512 ⁸
