3614 5636
720 757 961 824 -131—

354 979 536 1050 Terentius
560 980 595 1046 in
622 978 770 1066 Hecyra.
799 979 880 1045 Non
897 979 990 1046 enim
1011 979 1182 1068 discrepat
1209 1003 1229 1046 a
1253 1003 1325 1049 ser-

354 1200 470 1263 mone,
483 1180 544 1267 qui
554 1180 732 1248 invenitur
745 1181 783 1247 iu
794 1179 938 1263 Andria,
955 1201 1035 1247 eum
1047 1181 1083 1247 in
1101 1180 1323 1266 Phormione,

352 1375 450 1444 ouius
479 1375 677 1463 exemplum
705 1374 907 1462 Apollodori
937 1372 1086 1462 Carystii
1114 1335 1166 1443 est
1195 1375 1322 1460 tabula,

354 1575 528 1642 dissimilis
552 1575 660 1644 oratio
684 1593 725 1642 ac
748 1573 846 1642 stilus
865 1593 936 1642 non
951 1575 1059 1662 possit
1080 1594 1151 1643 non
1173 1577 1323 1664 agnosci.

352 1777 409 1844 Ad
427 1797 622 1846 sermonem
635 1784 751 1846 autem
763 1778 1010 1846 Terentianum
1025 1776 1155 1847 Graeca
1169 1779 1327 1867 exempla

351 1978 501 2047 multum
520 1979 679 2062 valuisse,
702 1979 911 2066 quicumque
929 1978 983 2045 his
994 1978 1032 2045 in
1050 1977 1171 2046 studiis
1189 1977 1325 2065 paullu-

352 2182 426 2250 lum
444 2190 600 2253 versatus
612 2189 675 2268 est,
689 2183 788 2252 facile
803 2183 977 2252 concedet.
994 2180 1064 2250 Sed
1077 2181 1220 2249 huiusce
1230 2182 1325 2249 modi

350 2382 529 2451 instituere
557 2383 795 2470 quaestionem
822 2382 1037 2471 propositum
1066 2387 1225 2449 nostrum
1254 2401 1326 2449 non

351 2587 482 2676 patitur
505 2593 541 2656 et
559 2588 625 2655 alio
645 2587 720 2656 loco
738 2587 804 2654 hac
821 2586 864 2654 de
877 2606 914 2654 re
927 2605 1029 2674 agere
1045 2585 1082 2652 in
1095 2585 1210 2652 animo
1230 2590 1293 2653 est.

393 2784 511 2872 Atque
533 2791 573 2854 ut
595 2786 632 2852 in
659 2786 757 2854 brevi
779 2790 964 2873 conspectu
983 2803 1150 2871 ponamus
1169 2780 1327 2871 exempla

352 2981 484 3050 Graeca
505 3002 594 3070 quae
615 2983 652 3049 in
673 2982 817 3070 singulis
837 2981 961 3050 fabulis
982 2981 1164 3049 Terentius
1187 2985 1325 3048 secutus

350 3187 416 3262 est,
439 3181 524 3250 haec
540 3180 687 3250 efficitur
699 3181 817 3250 tabula
837 3201 844 3246 :

351 3459 462 3518 Andria
468 3499 705 3519 ..............
748 3465 772 3515 l.
796 3457 948 3516 Menandri
981 3457 1093 3530 ’nepa
1118 3461 1145 3515 2.
1174 3456 1325 3515 Menandri

791 3546 919 3617 Περινθία.

353 3683 526 3748 Eunuchus.
542 3730 708 3746 ..........
749 3691 775 3745 l.
792 3687 947 3838 1Menagndri
967 3686 1104 3761 Εὖνοῦχος.
1124 3691 1151 3745 2.
1174 3686 1325 3745 Menandri

819 3776 865 3829 όλα
881 3817 888 3830 .

352 3920 712 3979 Heautontimorumenos.
750 3917 902 3976 Menandri
921 3916 1026 3973 Ἑαυτὸν
1040 3915 1232 3989 τιμωρούμενος.

350 4055 490 4114 Phormio
494 4095 710 4115 .............
751 4052 923 4126 Apollodori
938 4052 1060 4125 Carystii
1080 4051 1307 4123 Ἐπιδικαζόμενος.

352 4203 471 4275 Hecyra
474 4243 713 4258 ..............
754 4201 905 4259 Menandri
924 4202 1027 4272 Ἑκύρα.

349 4346 472 4418 Adelphi
477 4388 710 4405 ..............
753 4351 778 4401 i.
790 4345 940 4404 Menandri
954 4345 1080 4418 Ἀδελφοί.
1090 4349 1117 4401 2.
1128 4345 1233 4420 Diphili
1244 4346 1324 4399 Συνα-

790 4437 974 4502 ποθνήσκοντες.
